<?xml version="1.0" ?><OAI-PMH xmlns="http://www.openarchives.org/OAI/2.0/" xmlns:xsi="http://www.w3.org/2001/XMLSchema-instance" xsi:schemaLocation="http://www.openarchives.org/OAI/2.0/ http://www.openarchives.org/OAI/2.0/OAI-PMH.xsd">
  <responseDate>2024-11-20T18:25:08Z</responseDate>
  <request resumptionToken="1900-01-01@all@UNIGE_ALL@marc21@5986492220005502" verb="ListRecords">https://slsp-unige.alma.exlibrisgroup.com/view/oai/41SLSP_UGE/request</request>
<ListRecords><record><header><identifier>oai:alma.41SLSP_UGE:991000037919705502</identifier><datestamp>2023-03-03T01:07:27Z</datestamp><setSpec>uge_bcen_RapidILL_BOOK</setSpec><setSpec>uge_aaca_RapidILL_BOOK</setSpec><setSpec>uge_abels_RapidILL_BOOK</setSpec><setSpec>uge_dbu_RapidILL_BOOK</setSpec><setSpec>uge_cmu_RapidILL_BOOK</setSpec><setSpec>uge_mail_RapidILL_BOOK</setSpec><setSpec>uge_abbat_RapidILL_BOOK</setSpec><setSpec>UNIGE_ALL</setSpec><setSpec>uge_acar_RapidILL_BOOK</setSpec><setSpec>uge_aobs_RapidILL_BOOK</setSpec></header><metadata>
<record xmlns="http://www.loc.gov/MARC21/slim" xmlns:xsi="http://www.w3.org/2001/XMLSchema-instance" xsi:schemaLocation="http://www.loc.gov/MARC21/slim http://www.loc.gov/standards/marcxml/schema/MARC21slim.xsd"><leader>01646nam a2200385 c 4500</leader><controlfield tag="001">991000037919705502</controlfield><controlfield tag="005">20230302191351.0</controlfield><controlfield tag="008">130919s2013    be ||||| |||| 00| ||eng d</controlfield><datafield ind1=" " ind2=" " tag="020"><subfield code="a">9782804456924</subfield></datafield><datafield ind1=" " ind2=" " tag="035"><subfield code="a">(swissbib)118125338-41slsp_network</subfield></datafield><datafield ind1=" " ind2=" " tag="035"><subfield code="a">118125338</subfield><subfield code="9">ExL</subfield></datafield><datafield ind1=" " ind2=" " tag="035"><subfield code="a">(RERO)R007479224-41slsp</subfield></datafield><datafield ind1=" " ind2=" " tag="035"><subfield code="a">(EXLNZ-41SLSP_NETWORK)991099979569705501</subfield></datafield><datafield ind1=" " ind2=" " tag="040"><subfield code="a">BeLnUC</subfield><subfield code="d">CH-ZuSLS</subfield></datafield><datafield ind1="1" ind2="4" tag="050"><subfield code="a">HG5420.5</subfield><subfield code="b">F565 2013</subfield></datafield><datafield ind1=" " ind2="7" tag="072"><subfield code="a">dr</subfield><subfield code="2">rero</subfield></datafield><datafield ind1=" " ind2=" " tag="084"><subfield code="a">CA/L 82 g</subfield><subfield code="2">cjurrom</subfield></datafield><datafield ind1="0" ind2="0" tag="245"><subfield code="a">Fund industry in Luxembourg</subfield><subfield code="b">a practitioner guide</subfield><subfield code="c">directed by Danielle Sougné ; [auteurs: Xavier Balthazar ... et al.]</subfield></datafield><datafield ind1=" " ind2="1" tag="264"><subfield code="a">Bruxelles</subfield><subfield code="b">Larcier</subfield><subfield code="c">2013</subfield></datafield><datafield ind1=" " ind2=" " tag="300"><subfield code="a">129 p.</subfield></datafield><datafield ind1=" " ind2=" " tag="336"><subfield code="b">txt</subfield><subfield code="2">rdacontent</subfield></datafield><datafield ind1=" " ind2=" " tag="337"><subfield code="b">n</subfield><subfield code="2">rdamedia</subfield></datafield><datafield ind1=" " ind2=" " tag="338"><subfield code="b">nc</subfield><subfield code="2">rdacarrier</subfield></datafield><datafield ind1="1" ind2=" " tag="490"><subfield code="a">Cahiers financiers</subfield><subfield code="v">40</subfield></datafield><datafield ind1="0" ind2=" " tag="505"><subfield code="a">1) The different investment vehicles. - 2) A comparison between UCITS Management Company and AIFM. - 3) Set up and legal life of the UCI. - 4) Fund administration. - 5). Depositary bank and Management Company. - 6) Organization and supervision of investment funds. - 7) Admission to trading of a UCI. - 8) Distribution of investment funds</subfield></datafield><datafield ind1=" " ind2="0" tag="650"><subfield code="a">Finance</subfield><subfield code="z">Luxembourg</subfield></datafield><datafield ind1=" " ind2="0" tag="650"><subfield code="a">Fiscal policy</subfield><subfield code="z">Luxembourg</subfield></datafield><datafield ind1=" " ind2="0" tag="650"><subfield code="a">Mutual funds</subfield><subfield code="z">Luxembourg</subfield></datafield><datafield ind1=" " ind2="7" tag="650"><subfield code="a">Sociétés d'investissement</subfield><subfield code="0">(IDREF)027763544</subfield><subfield code="2">idref</subfield></datafield><datafield ind1=" " ind2="7" tag="650"><subfield code="a">Droit</subfield><subfield code="0">(IDREF)027466868</subfield><subfield code="2">idref</subfield></datafield><datafield ind1=" " ind2="7" tag="651"><subfield code="a">Luxembourg</subfield><subfield code="0">(IDREF)027810674</subfield><subfield code="2">idref</subfield></datafield><datafield ind1="1" ind2=" " tag="700"><subfield code="a">Balthazar, Xavier</subfield><subfield code="0">(RERO)A023688346</subfield></datafield><datafield ind1="1" ind2=" " tag="700"><subfield code="a">Sougné, Danielle</subfield><subfield code="0">(RERO)A023688347</subfield></datafield><datafield ind1=" " ind2=" " tag="830"><subfield code="a">Financiële cahiers</subfield><subfield code="v">40</subfield><subfield code="w">(RERO)R003249882-41slsp</subfield></datafield><datafield ind1=" " ind2=" " tag="900"><subfield code="a">REROnoselfmerge</subfield></datafield><datafield ind1=" " ind2=" " tag="910"><subfield code="a">Boreal</subfield><subfield code="b">20130919</subfield><subfield code="c">Droits réservés</subfield></datafield></record>
</metadata></record>