<record><header><identifier>oai:alma.41SLSP_UGE:991000037389705502</identifier><datestamp>2024-06-28T00:08:33Z</datestamp><setSpec>uge_bcen_RapidILL_BOOK</setSpec><setSpec>uge_aaca_RapidILL_BOOK</setSpec><setSpec>uge_abels_RapidILL_BOOK</setSpec><setSpec>uge_dbu_RapidILL_BOOK</setSpec><setSpec>uge_cmu_RapidILL_BOOK</setSpec><setSpec>uge_mail_RapidILL_BOOK</setSpec><setSpec>uge_abbat_RapidILL_BOOK</setSpec><setSpec>UNIGE_ALL</setSpec><setSpec>uge_aobs_RapidILL_BOOK</setSpec><setSpec>uge_acar_RapidILL_BOOK</setSpec></header><metadata>
<record xmlns="http://www.loc.gov/MARC21/slim" xmlns:xsi="http://www.w3.org/2001/XMLSchema-instance" xsi:schemaLocation="http://www.loc.gov/MARC21/slim http://www.loc.gov/standards/marcxml/schema/MARC21slim.xsd"><leader>01449nam a2200337uc 4500</leader><controlfield tag="001">991000037389705502</controlfield><controlfield tag="005">20240627093333.0</controlfield><controlfield tag="008">201011s1952    au a          101 0 ger  </controlfield><datafield ind1=" " ind2=" " tag="035"><subfield code="a">(swissbib)212434098-41slsp_network</subfield></datafield><datafield ind1=" " ind2=" " tag="035"><subfield code="a">212434098</subfield><subfield code="9">ExL</subfield></datafield><datafield ind1=" " ind2=" " tag="035"><subfield code="a">(NEBIS)007970641EBI01</subfield></datafield><datafield ind1=" " ind2=" " tag="035"><subfield code="a">(RERO)R004292798-41slsp</subfield></datafield><datafield ind1=" " ind2=" " tag="035"><subfield code="a">(EXLNZ-41SLSP_NETWORK)991143845979705501</subfield></datafield><datafield ind1=" " ind2=" " tag="040"><subfield code="a">SzZuIDS NEBIS UZH</subfield><subfield code="d">CH-ZuSLS</subfield></datafield><datafield ind1=" " ind2="7" tag="072"><subfield code="a">et</subfield><subfield code="2">rero</subfield></datafield><datafield ind1="0" ind2="0" tag="245"><subfield code="a">Festgabe dem IV. Internationalen Kongress für Anthropologie und Ethnologie, Wien 1952</subfield><subfield code="c">gewidmet von der Anthropologischen Gesellschaft in Wien</subfield></datafield><datafield ind1=" " ind2="1" tag="264"><subfield code="a">Horn &lt;etc.&gt;</subfield><subfield code="b">Berger</subfield><subfield code="c">1952</subfield></datafield><datafield ind1=" " ind2=" " tag="300"><subfield code="a">120 S., 1 Bl. Falttab.</subfield><subfield code="b">Ill.</subfield></datafield><datafield ind1=" " ind2=" " tag="336"><subfield code="b">txt</subfield><subfield code="2">rdacontent</subfield></datafield><datafield ind1=" " ind2=" " tag="337"><subfield code="b">n</subfield><subfield code="2">rdamedia</subfield></datafield><datafield ind1=" " ind2=" " tag="338"><subfield code="b">nc</subfield><subfield code="2">rdacarrier</subfield></datafield><datafield ind1="1" ind2=" " tag="490"><subfield code="a">Mitteilungen der Anthropologischen Gesellschaft in Wien</subfield><subfield code="v">82(1952),1</subfield></datafield><datafield ind1=" " ind2="7" tag="650"><subfield code="a">Anthropologie</subfield><subfield code="0">(IDREF)027295370</subfield><subfield code="2">idref</subfield></datafield><datafield ind1=" " ind2="7" tag="650"><subfield code="a">Ethnologie</subfield><subfield code="0">(IDREF)02729661X</subfield><subfield code="2">idref</subfield></datafield><datafield ind1=" " ind2="7" tag="655"><subfield code="a">Konferenzschrift</subfield><subfield code="z">Wien</subfield><subfield code="y">1952</subfield><subfield code="2">gnd-content</subfield></datafield><datafield ind1=" " ind2="7" tag="655"><subfield code="a">Actes de congrès</subfield><subfield code="0">(IDREF)02886431X</subfield><subfield code="2">idref</subfield></datafield><datafield ind1=" " ind2=" " tag="690"><subfield code="a">29</subfield><subfield code="d">Gesellschaftsberichte</subfield><subfield code="2">uzb-UB</subfield></datafield><datafield ind1="2" ind2=" " tag="710"><subfield code="a">Anthropologische Gesellschaft (Wien)</subfield><subfield code="0">(RERO)A005897410</subfield></datafield><datafield ind1="2" ind2=" " tag="710"><subfield code="a">Anthropologische Gesellschaft</subfield><subfield code="0">(DE-588)4827970-5</subfield></datafield><datafield ind1="2" ind2=" " tag="711"><subfield code="a">International Congress of Anthropological and Ethnological Sciences</subfield><subfield code="0">(DE-588)11814-X</subfield></datafield><datafield ind1=" " ind2=" " tag="830"><subfield code="a">Mitteilungen der Anthropologischen Gesellschaft in Wien</subfield><subfield code="v">1952, 82, 1</subfield><subfield code="w">(RERO)R003958979-41slsp</subfield></datafield><datafield ind1=" " ind2=" " tag="900"><subfield code="a">REROnoselfmerge</subfield></datafield></record>
</metadata></record>