<record><header><identifier>oai:alma.41SLSP_UGE:991000037809705502</identifier><datestamp>2023-03-01T01:09:10Z</datestamp><setSpec>uge_bcen_RapidILL_BOOK</setSpec><setSpec>uge_aaca_RapidILL_BOOK</setSpec><setSpec>uge_abels_RapidILL_BOOK</setSpec><setSpec>uge_dbu_RapidILL_BOOK</setSpec><setSpec>uge_cmu_RapidILL_BOOK</setSpec><setSpec>uge_mail_RapidILL_BOOK</setSpec><setSpec>UNIGE_ALL</setSpec><setSpec>uge_abbat_RapidILL_BOOK</setSpec><setSpec>uge_aobs_RapidILL_BOOK</setSpec><setSpec>uge_acar_RapidILL_BOOK</setSpec></header><metadata>
<record xmlns="http://www.loc.gov/MARC21/slim" xmlns:xsi="http://www.w3.org/2001/XMLSchema-instance" xsi:schemaLocation="http://www.loc.gov/MARC21/slim http://www.loc.gov/standards/marcxml/schema/MARC21slim.xsd"><leader>01698nam a2200469 c 4500</leader><controlfield tag="001">991000037809705502</controlfield><controlfield tag="005">20201231110230.0</controlfield><controlfield tag="008">201012s1952    xxk||||| |||| 00| ||grc d</controlfield><datafield ind1=" " ind2=" " tag="035"><subfield code="a">(swissbib)237545896-41slsp_network</subfield></datafield><datafield ind1=" " ind2=" " tag="035"><subfield code="a">237545896</subfield><subfield code="9">ExL</subfield></datafield><datafield ind1=" " ind2=" " tag="035"><subfield code="a">(NEBIS)002915018EBI01</subfield></datafield><datafield ind1=" " ind2=" " tag="035"><subfield code="a">(RERO)0618992-41slsp</subfield></datafield><datafield ind1=" " ind2=" " tag="035"><subfield code="a">(IDSBB)000206843DSV01</subfield></datafield><datafield ind1=" " ind2=" " tag="035"><subfield code="a">(EXLNZ-41SLSP_NETWORK)991016199439705501</subfield></datafield><datafield ind1=" " ind2=" " tag="040"><subfield code="a">IDS BS/BE A100</subfield><subfield code="d">CH-ZuSLS</subfield></datafield><datafield ind1=" " ind2="7" tag="072"><subfield code="a">gr</subfield><subfield code="2">rero</subfield></datafield><datafield ind1=" " ind2="7" tag="072"><subfield code="a">kp</subfield><subfield code="2">SzZuIDS BS/BE</subfield></datafield><datafield ind1="1" ind2=" " tag="080"><subfield code="a">875THEOCR1</subfield></datafield><datafield ind1="0" ind2="0" tag="245"><subfield code="a">Bucolici Graeci</subfield><subfield code="c">recensuit A.S.F. Gow</subfield></datafield><datafield ind1="1" ind2=" " tag="246"><subfield code="a">Technopaegnia</subfield></datafield><datafield ind1=" " ind2="1" tag="264"><subfield code="a">Oxford</subfield><subfield code="b">E Typographeo Clarendoniano</subfield><subfield code="c">1952</subfield></datafield><datafield ind1=" " ind2=" " tag="300"><subfield code="a">XV, 188 p.</subfield><subfield code="c">20 cm</subfield></datafield><datafield ind1=" " ind2=" " tag="336"><subfield code="b">txt</subfield><subfield code="2">rdacontent</subfield></datafield><datafield ind1=" " ind2=" " tag="337"><subfield code="b">n</subfield><subfield code="2">rdamedia</subfield></datafield><datafield ind1=" " ind2=" " tag="338"><subfield code="b">nc</subfield><subfield code="2">rdacarrier</subfield></datafield><datafield ind1="0" ind2=" " tag="490"><subfield code="a">Scriptorum Classicorum Bibliotheca Oxoniensis</subfield></datafield><datafield ind1=" " ind2=" " tag="500"><subfield code="a">Griech. Text mit lat. Einl.</subfield></datafield><datafield ind1=" " ind2=" " tag="500"><subfield code="a">Texte von Theocritus, Moschus und Bion</subfield></datafield><datafield ind1=" " ind2=" " tag="500"><subfield code="a">Contient : Théocrite, Bion, Moschus, Technopaegnia</subfield></datafield><datafield ind1=" " ind2=" " tag="690"><subfield code="a">Griechenland : Literatur</subfield><subfield code="2">uzb-UL</subfield></datafield><datafield ind1=" " ind2=" " tag="690"><subfield code="a">Griechenland : Bukolik</subfield><subfield code="2">uzb-UL</subfield></datafield><datafield ind1="1" ind2=" " tag="700"><subfield code="a">Gow, Andrew Sydenham Farrar</subfield><subfield code="c">helléniste</subfield><subfield code="d">1886-1978</subfield><subfield code="0">(IDREF)032450974</subfield></datafield><datafield ind1="0" ind2="2" tag="700"><subfield code="a">Theocritus</subfield><subfield code="t">Idyllia</subfield></datafield><datafield ind1="0" ind2="2" tag="700"><subfield code="a">Bion</subfield><subfield code="c">Smyrnaeus</subfield><subfield code="d">120-57 av. J.-C</subfield><subfield code="t">Idyllia</subfield></datafield><datafield ind1="0" ind2="2" tag="700"><subfield code="a">Moschus</subfield><subfield code="t">Idyllia</subfield></datafield><datafield ind1="0" ind2=" " tag="700"><subfield code="a">Theocritus</subfield><subfield code="d">ca. v4./3.Jh.</subfield><subfield code="0">(DE-588)118621769</subfield></datafield><datafield ind1="0" ind2=" " tag="700"><subfield code="a">Moschus</subfield><subfield code="c">Syracusanus</subfield><subfield code="d">ca. v150</subfield><subfield code="0">(DE-588)118737066</subfield></datafield><datafield ind1="0" ind2=" " tag="700"><subfield code="a">Bion</subfield><subfield code="c">Smyrnaeus</subfield><subfield code="d">ca. 2. Jh. v. Chr.</subfield><subfield code="0">(DE-588)118835874</subfield></datafield><datafield ind1="1" ind2=" " tag="700"><subfield code="a">Gow, Andrew Sydenham Farrar</subfield></datafield><datafield ind1=" " ind2=" " tag="830"><subfield code="a">Scriptorum classicorum bibliotheca Oxoniensis</subfield><subfield code="w">(RERO)0033642-41slsp</subfield></datafield><datafield ind1=" " ind2=" " tag="900"><subfield code="a">IDSZ2zbzmon201303ri</subfield><subfield code="c">IDSZ2eich</subfield></datafield><datafield ind1=" " ind2=" " tag="900"><subfield code="f">IDSU2medea</subfield></datafield><datafield ind1=" " ind2=" " tag="900"><subfield code="a">REROnoselfmerge</subfield></datafield></record>
</metadata></record>