<record><header><identifier>oai:alma.41SLSP_UGE:991000037929705502</identifier><datestamp>2024-02-07T01:18:47Z</datestamp><setSpec>uge_bcen_RapidILL_BOOK</setSpec><setSpec>uge_aaca_RapidILL_BOOK</setSpec><setSpec>uge_abels_RapidILL_BOOK</setSpec><setSpec>uge_dbu_RapidILL_BOOK</setSpec><setSpec>uge_cmu_RapidILL_BOOK</setSpec><setSpec>uge_mail_RapidILL_BOOK</setSpec><setSpec>uge_abbat_RapidILL_BOOK</setSpec><setSpec>UNIGE_ALL</setSpec><setSpec>uge_acar_RapidILL_BOOK</setSpec><setSpec>uge_aobs_RapidILL_BOOK</setSpec></header><metadata>
<record xmlns="http://www.loc.gov/MARC21/slim" xmlns:xsi="http://www.w3.org/2001/XMLSchema-instance" xsi:schemaLocation="http://www.loc.gov/MARC21/slim http://www.loc.gov/standards/marcxml/schema/MARC21slim.xsd"><leader>01760nam a2200421 c 4500</leader><controlfield tag="001">991000037929705502</controlfield><controlfield tag="005">20240206111510.0</controlfield><controlfield tag="008">201011s2017    rm            00| | roh|d</controlfield><datafield ind1=" " ind2=" " tag="020"><subfield code="a">9786062805203</subfield></datafield><datafield ind1=" " ind2=" " tag="035"><subfield code="a">(swissbib)220871272-41slsp_network</subfield></datafield><datafield ind1=" " ind2=" " tag="035"><subfield code="a">220871272</subfield><subfield code="9">ExL</subfield></datafield><datafield ind1=" " ind2=" " tag="035"><subfield code="a">(NEBIS)010933767EBI01</subfield></datafield><datafield ind1=" " ind2=" " tag="035"><subfield code="a">(RERO)R008634314-41slsp</subfield></datafield><datafield ind1=" " ind2=" " tag="035"><subfield code="a">(OCoLC)984832340</subfield></datafield><datafield ind1=" " ind2=" " tag="035"><subfield code="a">(EXLNZ-41SLSP_NETWORK)991054484019705501</subfield></datafield><datafield ind1=" " ind2=" " tag="040"><subfield code="a">SzZUIDS</subfield><subfield code="b">ger</subfield><subfield code="e">rda</subfield><subfield code="d">CH-ZuSLS</subfield></datafield><datafield ind1="1" ind2=" " tag="041"><subfield code="a">rum</subfield><subfield code="a">roh</subfield><subfield code="h">roh</subfield></datafield><datafield ind1=" " ind2="7" tag="072"><subfield code="a">ro</subfield><subfield code="2">rero</subfield></datafield><datafield ind1="1" ind2=" " tag="080"><subfield code="a">859&quot;18/-&quot;=1POP</subfield></datafield><datafield ind1="1" ind2="4" tag="082"><subfield code="a">859.9</subfield><subfield code="2">15</subfield></datafield><datafield ind1="1" ind2=" " tag="100"><subfield code="6">880-01</subfield><subfield code="a">Popescu-Marin, Magdalena</subfield><subfield code="d">1933-</subfield><subfield code="0">(DE-588)1131393759</subfield><subfield code="4">aut</subfield></datafield><datafield ind1="1" ind2=" " tag="880"><subfield code="6">100-01</subfield><subfield code="a">Popescu Marin, Magdalena</subfield><subfield code="d">19..-....</subfield><subfield code="0">(IDREF)230678459</subfield><subfield code="4">cre</subfield></datafield><datafield ind1="1" ind2="0" tag="245"><subfield code="a">&lt;&lt;Il&gt;&gt; mund romontsch en mia veta</subfield><subfield code="b">= Lumea romanşă în viaţa mea</subfield><subfield code="c">Magdalena Popescu-Marin</subfield></datafield><datafield ind1="1" ind2="1" tag="246"><subfield code="a">Lumea romanşă în viaţa mea</subfield></datafield><datafield ind1=" " ind2="1" tag="264"><subfield code="a">Bucureşti</subfield><subfield code="b">Editura Universitară</subfield><subfield code="c">2017</subfield></datafield><datafield ind1=" " ind2=" " tag="300"><subfield code="a">226 Seiten</subfield><subfield code="b">Illustrationen</subfield></datafield><datafield ind1=" " ind2=" " tag="336"><subfield code="b">txt</subfield><subfield code="2">rdacontent</subfield></datafield><datafield ind1=" " ind2=" " tag="337"><subfield code="b">n</subfield><subfield code="2">rdamedia</subfield></datafield><datafield ind1=" " ind2=" " tag="338"><subfield code="b">nc</subfield><subfield code="2">rdacarrier</subfield></datafield><datafield ind1=" " ind2=" " tag="500"><subfield code="a">Rätoromanisch mit Rumänischem Paralleltext</subfield></datafield><datafield ind1=" " ind2=" " tag="500"><subfield code="a">Texte romanche avec traduction roumaine en regard</subfield></datafield><datafield ind1=" " ind2=" " tag="500"><subfield code="a">Trad. de: Il mund romontsch en mia veta</subfield></datafield><datafield ind1="1" ind2="7" tag="600"><subfield code="a">Popescu-Marin, Magdalena</subfield><subfield code="d">1933-</subfield><subfield code="0">(DE-588)1131393759</subfield><subfield code="2">gnd</subfield></datafield><datafield ind1=" " ind2="7" tag="650"><subfield code="a">Rätoromanisch</subfield><subfield code="0">(DE-588)4120321-5</subfield><subfield code="2">gnd</subfield></datafield><datafield ind1=" " ind2="7" tag="650"><subfield code="a">Rumänisch</subfield><subfield code="0">(DE-588)4115807-6</subfield><subfield code="2">gnd</subfield></datafield><datafield ind1=" " ind2="7" tag="655"><subfield code="a">Autobiografie</subfield><subfield code="2">gnd-content</subfield></datafield><datafield ind1="4" ind2=" " tag="856"><subfield code="3">Titelblatt und Inhaltsverzeichnis</subfield><subfield code="u">https://toc.library.ethz.ch/objects/pdf03/z01_978-606-28-0520-3_01.pdf</subfield><subfield code="q">pdf</subfield></datafield><datafield ind1=" " ind2=" " tag="900"><subfield code="a">IDSZ2zbzmon201807l</subfield><subfield code="c">IDSZ2murd</subfield><subfield code="d">IDSZ2zbzswk201811g</subfield><subfield code="e">IDSZ2kara</subfield></datafield><datafield ind1=" " ind2=" " tag="949"><subfield code="a">https://toc.library.ethz.ch/objects/pdf03/z01_978-606-28-0520-3_01.pdf</subfield></datafield><datafield ind1=" " ind2=" " tag="993"><subfield code="a">BFLA 275861</subfield><subfield code="x">ge/ulro/d/17/06</subfield><subfield code="9">LOCAL</subfield></datafield></record>
</metadata></record>