<record><header><identifier>oai:alma.41SLSP_UGE:991000037309705502</identifier><datestamp>2024-04-11T00:26:48Z</datestamp><setSpec>uge_bcen_RapidILL_BOOK</setSpec><setSpec>uge_aaca_RapidILL_BOOK</setSpec><setSpec>uge_abels_RapidILL_BOOK</setSpec><setSpec>uge_dbu_RapidILL_BOOK</setSpec><setSpec>uge_cmu_RapidILL_BOOK</setSpec><setSpec>uge_mail_RapidILL_BOOK</setSpec><setSpec>uge_abbat_RapidILL_BOOK</setSpec><setSpec>UNIGE_ALL</setSpec><setSpec>uge_acar_RapidILL_BOOK</setSpec><setSpec>uge_aobs_RapidILL_BOOK</setSpec></header><metadata>
<record xmlns="http://www.loc.gov/MARC21/slim" xmlns:xsi="http://www.w3.org/2001/XMLSchema-instance" xsi:schemaLocation="http://www.loc.gov/MARC21/slim http://www.loc.gov/standards/marcxml/schema/MARC21slim.xsd"><leader>09108nam a2201045 c 4500</leader><controlfield tag="001">991000037309705502</controlfield><controlfield tag="005">20240410142916.0</controlfield><controlfield tag="008">201012s2000    sz ||||| |||| 00| ||ger d</controlfield><datafield ind1=" " ind2=" " tag="020"><subfield code="a">3725540055</subfield><subfield code="c">Fr. 79.-</subfield></datafield><datafield ind1=" " ind2=" " tag="035"><subfield code="a">(swissbib)232985723-41slsp_network</subfield></datafield><datafield ind1=" " ind2=" " tag="035"><subfield code="a">232985723</subfield><subfield code="9">ExL</subfield></datafield><datafield ind1=" " ind2=" " tag="035"><subfield code="a">(RERO)R265708260-41slsp</subfield></datafield><datafield ind1=" " ind2=" " tag="035"><subfield code="a">(NEBIS)003855335EBI01</subfield></datafield><datafield ind1=" " ind2=" " tag="035"><subfield code="a">(IDSBB)002023429DSV01</subfield></datafield><datafield ind1=" " ind2=" " tag="035"><subfield code="a">(IDSLU)000188631ILU01</subfield></datafield><datafield ind1=" " ind2=" " tag="035"><subfield code="a">(IDSSG)000214863HSB01</subfield></datafield><datafield ind1=" " ind2=" " tag="035"><subfield code="a">(ABN)000284742ABN01</subfield></datafield><datafield ind1=" " ind2=" " tag="035"><subfield code="a">(EXLNZ-41SLSP_NETWORK)991104649389705501</subfield></datafield><datafield ind1=" " ind2=" " tag="040"><subfield code="a">RERO geubfd</subfield><subfield code="d">CH-ZuSLS</subfield></datafield><datafield ind1=" " ind2=" " tag="044"><subfield code="a">sz</subfield><subfield code="c">ch-zh</subfield></datafield><datafield ind1=" " ind2="7" tag="072"><subfield code="a">dr</subfield><subfield code="2">rero</subfield></datafield><datafield ind1=" " ind2="7" tag="072"><subfield code="a">rw</subfield><subfield code="2">SzZuIDS BS/BE</subfield></datafield><datafield ind1=" " ind2="7" tag="072"><subfield code="a">840</subfield><subfield code="2">IDS LU</subfield></datafield><datafield ind1="0" ind2="0" tag="082"><subfield code="a">346.494/065</subfield><subfield code="2">21</subfield></datafield><datafield ind1="0" ind2="4" tag="082"><subfield code="a">349</subfield></datafield><datafield ind1="1" ind2="4" tag="082"><subfield code="a">340</subfield><subfield code="2">15</subfield></datafield><datafield ind1=" " ind2=" " tag="084"><subfield code="a">CA/CH 79 h</subfield><subfield code="2">cjurrom</subfield></datafield><datafield ind1=" " ind2=" " tag="084"><subfield code="a">CA/CH 72 h</subfield><subfield code="2">cjurrom</subfield></datafield><datafield ind1=" " ind2=" " tag="084"><subfield code="a">PU 2645</subfield><subfield code="2">rvk</subfield></datafield><datafield ind1="1" ind2=" " tag="100"><subfield code="a">Schön, Etienne</subfield><subfield code="0">(RERO)A005988330</subfield><subfield code="4">cre</subfield></datafield><datafield ind1="1" ind2="0" tag="245"><subfield code="a">Unternehmensbewertung im Gesellschafts- und Vertragsrecht</subfield><subfield code="c">von Etienne Schön</subfield></datafield><datafield ind1=" " ind2="1" tag="264"><subfield code="a">Zürich</subfield><subfield code="b">Schulthess Juristische Medien</subfield><subfield code="c">2000</subfield></datafield><datafield ind1=" " ind2=" " tag="300"><subfield code="a">XL, 308 S.</subfield><subfield code="c">23 cm</subfield></datafield><datafield ind1=" " ind2=" " tag="336"><subfield code="b">txt</subfield><subfield code="2">rdacontent</subfield></datafield><datafield ind1=" " ind2=" " tag="337"><subfield code="b">n</subfield><subfield code="2">rdamedia</subfield></datafield><datafield ind1=" " ind2=" " tag="338"><subfield code="b">nc</subfield><subfield code="2">rdacarrier</subfield></datafield><datafield ind1="1" ind2=" " tag="490"><subfield code="a">Schweizer Schriften zum Handels- und Wirtschaftsrecht</subfield><subfield code="v">Bd. 196</subfield></datafield><datafield ind1=" " ind2=" " tag="500"><subfield code="a">Ed. commerciale de la thèse de Zurich</subfield></datafield><datafield ind1=" " ind2=" " tag="502"><subfield code="a">Diss. Univ. Zürich, 1999. - Ref.: Dieter Zobl</subfield></datafield><datafield ind1=" " ind2=" " tag="502"><subfield code="a">Diss. Rechtswiss. Fak. Zürich, (ca. 1999)</subfield></datafield><datafield ind1=" " ind2=" " tag="504"><subfield code="a">Bibliogr.</subfield></datafield><datafield ind1=" " ind2="7" tag="650"><subfield code="a">Unternehmung</subfield><subfield code="9">ger</subfield><subfield code="0">(RERO)jurivoc000023877ger</subfield><subfield code="2">jurivoc</subfield></datafield><datafield ind1=" " ind2="7" tag="650"><subfield code="a">kaufmännische Unternehmung</subfield><subfield code="9">ger</subfield><subfield code="0">(RERO)jurivoc000012618ger</subfield><subfield code="2">jurivoc</subfield></datafield><datafield ind1=" " ind2="7" tag="650"><subfield code="a">Wert</subfield><subfield code="9">ger</subfield><subfield code="0">(RERO)jurivoc000026390ger</subfield><subfield code="2">jurivoc</subfield></datafield><datafield ind1=" " ind2="7" tag="650"><subfield code="a">Gesellschaftsrecht</subfield><subfield code="9">ger</subfield><subfield code="0">(RERO)jurivoc000009854ger</subfield><subfield code="2">jurivoc</subfield></datafield><datafield ind1=" " ind2="7" tag="650"><subfield code="a">Vertragsrecht</subfield><subfield code="9">ger</subfield><subfield code="0">(RERO)jurivoc000025266ger</subfield><subfield code="2">jurivoc</subfield></datafield><datafield ind1=" " ind2="7" tag="650"><subfield code="a">société (droit)</subfield><subfield code="0">(RERO)A010028884</subfield><subfield code="2">rerovoc</subfield></datafield><datafield ind1=" " ind2="7" tag="650"><subfield code="a">Contrats</subfield><subfield code="0">(IDREF)027466388</subfield><subfield code="2">idref</subfield></datafield><datafield ind1=" " ind2="7" tag="650"><subfield code="a">Entreprises</subfield><subfield code="0">(IDREF)027467473</subfield><subfield code="2">idref</subfield></datafield><datafield ind1=" " ind2="7" tag="650"><subfield code="a">Évaluation</subfield><subfield code="0">(IDREF)027791513</subfield><subfield code="2">idref</subfield></datafield><datafield ind1=" " ind2="7" tag="650"><subfield code="a">Gesellschaftsrecht</subfield><subfield code="2">idszbz</subfield></datafield><datafield ind1=" " ind2="7" tag="650"><subfield code="a">Unternehmensbewertung</subfield><subfield code="2">idszbz</subfield></datafield><datafield ind1=" " ind2="7" tag="650"><subfield code="a">Vertragsrecht</subfield><subfield code="2">idszbz</subfield></datafield><datafield ind1=" " ind2="0" tag="650"><subfield code="a">Business enterprises</subfield><subfield code="x">Valuation</subfield><subfield code="z">Switzerland</subfield></datafield><datafield ind1=" " ind2="0" tag="650"><subfield code="a">Corporations</subfield><subfield code="x">Valuation</subfield><subfield code="x">Law and legislation</subfield><subfield code="z">Switzerland</subfield></datafield><datafield ind1=" " ind2="7" tag="650"><subfield code="a">OBLIGATIONENRECHT</subfield><subfield code="9">ger</subfield><subfield code="0">(ETHUDK)000011362</subfield><subfield code="2">ethudk</subfield></datafield><datafield ind1=" " ind2="7" tag="650"><subfield code="a">SCHWEIZ (MITTELEUROPA). SCHWEIZERISCHE EIDGENOSSENSCHAFT</subfield><subfield code="9">ger</subfield><subfield code="0">(ETHUDK)000004571</subfield><subfield code="2">ethudk</subfield></datafield><datafield ind1=" " ind2="7" tag="650"><subfield code="a">UNTERNEHMENSBEWERTUNG</subfield><subfield code="9">ger</subfield><subfield code="0">(ETHUDK)000055502</subfield><subfield code="2">ethudk</subfield></datafield><datafield ind1=" " ind2="7" tag="650"><subfield code="a">VERBANDSRECHT + VEREINSRECHT</subfield><subfield code="9">ger</subfield><subfield code="0">(ETHUDK)000011398</subfield><subfield code="2">ethudk</subfield></datafield><datafield ind1=" " ind2="7" tag="650"><subfield code="a">Gesellschaftsrecht</subfield><subfield code="x">Unternehmensbewertung</subfield><subfield code="z">Schweiz</subfield><subfield code="2">idsbb</subfield></datafield><datafield ind1=" " ind2="7" tag="650"><subfield code="a">Vertragsrecht</subfield><subfield code="x">Unternehmensbewertung</subfield><subfield code="z">Schweiz</subfield><subfield code="2">idsbb</subfield></datafield><datafield ind1=" " ind2="7" tag="650"><subfield code="a">Unternehmensbewertung</subfield><subfield code="x">Gesellschaftsrecht</subfield><subfield code="z">Schweiz</subfield><subfield code="2">idsbb</subfield></datafield><datafield ind1=" " ind2="7" tag="650"><subfield code="a">Unternehmensbewertung</subfield><subfield code="x">Vertragsrecht</subfield><subfield code="z">Schweiz</subfield><subfield code="2">idsbb</subfield></datafield><datafield ind1=" " ind2="7" tag="650"><subfield code="a">Gesellschaftsrecht</subfield><subfield code="0">(DE-588)4020646-4</subfield><subfield code="2">gnd</subfield></datafield><datafield ind1=" " ind2="7" tag="650"><subfield code="a">Unternehmensbewertung</subfield><subfield code="0">(DE-588)4078594-4</subfield><subfield code="2">gnd</subfield></datafield><datafield ind1=" " ind2="7" tag="650"><subfield code="a">Vertragsrecht</subfield><subfield code="0">(DE-588)4063283-0</subfield><subfield code="2">gnd</subfield></datafield><datafield ind1=" " ind2="7" tag="651"><subfield code="a">Schweiz</subfield><subfield code="9">ger</subfield><subfield code="0">(RERO)jurivoc000019912ger</subfield><subfield code="2">jurivoc</subfield></datafield><datafield ind1=" " ind2="7" tag="651"><subfield code="a">Suisse</subfield><subfield code="0">(IDREF)027249654</subfield><subfield code="2">idref</subfield></datafield><datafield ind1=" " ind2="7" tag="651"><subfield code="a">Schweiz</subfield><subfield code="2">idszbz</subfield></datafield><datafield ind1=" " ind2="7" tag="651"><subfield code="a">Schweiz</subfield><subfield code="0">(DE-588)4053881-3</subfield><subfield code="2">gnd</subfield></datafield><datafield ind1=" " ind2="7" tag="655"><subfield code="a">Hochschulschrift</subfield><subfield code="2">gnd-content</subfield></datafield><datafield ind1=" " ind2=" " tag="690"><subfield code="a">Unternehmensbewertung</subfield><subfield code="2">uzb-UC</subfield></datafield><datafield ind1=" " ind2=" " tag="690"><subfield code="a">Vertragsrecht, B: Unternehmensbewertung</subfield><subfield code="2">rzs-L1</subfield></datafield><datafield ind1=" " ind2=" " tag="690"><subfield code="a">Unternehmensbewertung, B: Gesellschaftsrecht; Vertragsrecht. Schweiz</subfield><subfield code="2">rzs-L1</subfield></datafield><datafield ind1=" " ind2=" " tag="690"><subfield code="a">Gesellschaftsrecht, B: Unternehmensbewertung</subfield><subfield code="2">rzs-L1</subfield></datafield><datafield ind1=" " ind2=" " tag="690"><subfield code="a">Vertragsrecht; Garantie; Testament; Unternehmensbewertung; Handelsrecht; Arbeitsvertrag; Berechnung; Gesellschaftsrecht; Sachenrecht; Urheberrecht; Kaufvertrag; Abfindung; Steuerrecht; Gesetz; Insolvenzrecht; Staatsrecht; Strafrecht; Verwaltungsrecht; Wirtschaftsrecht; Rechtsprechung; Bewertungsmethode; Ertragswert; Übernahme; Substanzwert; Aa; Regel; Tausch; GmbH; Mittelwert; Analyse; Klausel; Gutachten; Kapitalisierung; Kapitalerhöhung; Untersuchung; Anfechtung; Beratung; Cc; Erfolgsbeteiligung; Gründung; Regelung; Unternehmenssanierung; Sacheinlage</subfield><subfield code="2">idssg-J</subfield></datafield><datafield ind1=" " ind2=" " tag="690"><subfield code="a">Abfindungsanspruch; Unternehmenstausch; Anteilsbewertung; Begriffsanalyse; Sachübernahme; Ersatzmethode; Fusionsgesetz; Zwischenergebnis; Wertermittlung; Übergewinnkapitalisierung; Bewerfungsmethode; Buchwertklausel; DCF-Methode; Discounted-Cash-Flow-Methode; Ehegüterrecht; Ertragswertmethode; Fortführungswertklausel; Fusionsbeschluss; Garantieanspruch; Haftpflichtrecht; Nachbesserungsrecht; Nachteilsausgleichsregel; Rechtsgewährleistungsanspruch; Schadenersatzanspruch; Substanzwertmethode; Unternehmensbewertungsmethode; Unternehmenskaufvertrag; Verhandlungsmaxime; Goodwillabschreibung; Irrtumsanfechtung; Kaufpreisfindung; Lückenfüllung; Rechtsanwendung; Restsetzung; Schuldbetreibungsbetreibung; Umsatzbeteiligung; Unternehmensbegriff; Vertragsgestaltung; Gesamtwert; Liquidationswert; Namenaktie; Unternehmenspacht; Auszahlungsmodalität; Bewertungsfaktor; Lösungsversuch; Abfindungsbetrag; Argumentationswert; Aufgabenstellung; Beratungsauftrag; Börsenkurswertvergleich; Einigungswert; Entscheidungswert; Folgerunge; Kapitalverlust; Leistungswertvergleich; Nettoreinertrag; Rechtsbegriff; Sachwertklausel; Umtauschverhältnis; Umwandlungsverhältnis; Vertragstype; Abkürzungsverzeichnis; Auftraggeber; Bewertungsstichtag; Bewertungsvorgabe; Bewertungszeitpunkt; Börsenkurswertverfahren; Einlagegegenstand; Gutachtensauftrag; Kapitalanteil; Kapitalisierungszinsfuß; Kaufgegenstand; Kollektivgesellschafter; Kommanditaktiengesellschafter; Kommanditgesellschafter; Literaturverzeichnis; Lückenart; Normenvorgabe; Personengesellschafter; Sachregister; Tatfrage; Unternehmensbewertungstatbestand; Unternehmensteilen; Vereinsmitglied; Wertuntergrenze; Überschuldung</subfield><subfield code="2">idssg-J</subfield></datafield><datafield ind1=" " ind2=" " tag="690"><subfield code="a">anderer Tatbestand; ausscheidender Anteil; ausscheidender Gesellschafter; abgelehnter Gesellschafter; allgemeiner Teil; anderes Bewertungsverfahren; anderer Vertrag; angemessene Abfindung; angeordneter Austritt; ausgewählte Vertragstype; ausscheidender Aktionär; ausscheidender Genossenschafter; ausscheidender Gesellschafter; ausscheidender Kollektivgesellschafter; ausscheidender Kommanditaktiengesellschafter; ausscheidender Kommanditgesellschafter; ausscheidender Personengesellschafter; ausscheidendes Vereinsmitglied; ausservertragliches Haftpflichtrecht; befristete Übergewinnkapitalisierung; betriebswirtschaftliche Hinsicht; börsenkotierter Anteil; börsenkotierte Namenaktie; direkte Methode; direkter Unternehmenskauf; durchführene Unternehmensbewertung; einzelnes Element; einzelne Unternehmensbewertungsmethode; einzelvertragliche Regelung; erforderliche Lückenfüllung; fixer Kaufpreis; gemachte Untersuchung; gesellschaftsrechtlicher Tatbestand; gesetzliche Normenvorgabe; handelsrechtlicher Tatbestand; indirekte Methode; indirekter Unternehmenskauf; juristisches Medium; kaufmännisches Gewerbe; klassische Ertragswertmethode; künftige Gewinnbeteiligung; künftiger Nettoreinertrag; künftige Umsatzbeteiligung; letztwillige Verfügung; mangelhafte Wertermittlung; obligationenrechtlicher Vertrag; prozessuale Bestimmung; prozessuale Hinsicht; rechtswissenschaftliche Fakultät; relevant Untemehmensbewertung; relevante Unternehmensbewertung; richterliche Rechtsanwendung; richterliche Unternehmensbewertung; schweizerisch Gesellschaftrecht; spezieller Teil; statutarische Regelung; unbefristete Übergewinnkapitalisierung; untersuchter Tatbestand; unzulässige Bewertungsmethode; variabler Kaufpreis; weitere Folge; weiterer Tatbestand; wertbildender Faktor; wirtschaftliche Tätigkeit; zivilrechtliche Berufung; zustehender Anteil</subfield><subfield code="2">idssg-J</subfield></datafield><datafield ind1=" " ind2=" " tag="690"><subfield code="a">Schweiz C4EXSI; Deutschland C4EUGE</subfield><subfield code="2">idssg-J</subfield></datafield><datafield ind1=" " ind2=" " tag="690"><subfield code="a">B. Begriff; B. Bewertu; B. Funktionen; B. Gang; B. Gemeinsamkeiten; B. Mediation; B. Rechtsvergleich; B. Untersuchung; Brige Bewertu ngsvorgaben; C. Eingrenzung; C. Gemeinsamkeiten; C. Tatbestände; C. Untemehmensbewertüng; C. Verhältnis; Chteri che Eri ttlung; D. Ansichten Literatur Judikatur; D. Bewertung; D. Ergebnis; D. Gemeinsamkeiten; Dieter Zobl Schulthess; E. Ergebnis; Economic Value Added; Prof. Dr. Dieter Zobl Schulthess Juristische Medien</subfield><subfield code="2">idssg-J</subfield></datafield><datafield ind1=" " ind2=" " tag="691"><subfield code="e">PC 79 CH</subfield><subfield code="2">rzs-L1</subfield></datafield><datafield ind1=" " ind2=" " tag="691"><subfield code="e">PC 72 CH</subfield><subfield code="2">rzs-L1</subfield></datafield><datafield ind1="1" ind2=" " tag="700"><subfield code="a">Zobl, Dieter</subfield><subfield code="d">1944-</subfield><subfield code="0">(DE-588)110576144</subfield><subfield code="4">dgs</subfield></datafield><datafield ind1=" " ind2="0" tag="830"><subfield code="a">Schweizer Schriften zum Handels- und Wirtschaftsrecht</subfield><subfield code="v">196</subfield><subfield code="w">(IDSLU)000177447ILU01</subfield></datafield><datafield ind1=" " ind2="0" tag="830"><subfield code="a">Schweizer Schriften zum Handels- und Wirtschaftsrecht</subfield><subfield code="v">196</subfield><subfield code="w">(RERO)0098005-41slsp</subfield></datafield><datafield ind1="4" ind2=" " tag="856"><subfield code="3">Inhaltsverzeichnis</subfield><subfield code="u">http://www.ub.unibas.ch/tox/HBZ/HT012785422/PDF</subfield><subfield code="q">pdf</subfield></datafield><datafield ind1=" " ind2=" " tag="900"><subfield code="a">IDSZ2rwimon20000223l</subfield><subfield code="c">IDSZ2rosi</subfield></datafield><datafield ind1=" " ind2=" " tag="900"><subfield code="a">IDSZ2rwimon200002l</subfield><subfield code="c">IDSZ2biss</subfield></datafield><datafield ind1=" " ind2=" " tag="900"><subfield code="a">IDSZ1ZH</subfield></datafield><datafield ind1=" " ind2=" " tag="900"><subfield code="a">IDSZ2zbzmon200002e</subfield><subfield code="c">IDSZ2geis</subfield><subfield code="d">IDSZ2zbzswk200002b</subfield><subfield code="e">IDSZ2bruu</subfield></datafield><datafield ind1=" " ind2=" " tag="949"><subfield code="a">http://www.ub.unibas.ch/tox/HBZ/HT012785422/PDF</subfield></datafield></record>
</metadata></record>