<record><header><identifier>oai:alma.41SLSP_UGE:991000037829705502</identifier><datestamp>2024-03-09T01:40:47Z</datestamp><setSpec>uge_bcen_RapidILL_BOOK</setSpec><setSpec>uge_aaca_RapidILL_BOOK</setSpec><setSpec>uge_abels_RapidILL_BOOK</setSpec><setSpec>uge_dbu_RapidILL_BOOK</setSpec><setSpec>uge_cmu_RapidILL_BOOK</setSpec><setSpec>uge_mail_RapidILL_BOOK</setSpec><setSpec>uge_abbat_RapidILL_BOOK</setSpec><setSpec>UNIGE_ALL</setSpec><setSpec>uge_acar_RapidILL_BOOK</setSpec><setSpec>uge_aobs_RapidILL_BOOK</setSpec></header><metadata>
<record xmlns="http://www.loc.gov/MARC21/slim" xmlns:xsi="http://www.w3.org/2001/XMLSchema-instance" xsi:schemaLocation="http://www.loc.gov/MARC21/slim http://www.loc.gov/standards/marcxml/schema/MARC21slim.xsd"><leader>02366nam a2200613 c 4500</leader><controlfield tag="001">991000037829705502</controlfield><controlfield tag="005">20240308213902.0</controlfield><controlfield tag="008">201012s1982    sz ||||| |||| 00| ||ger d</controlfield><datafield ind1=" " ind2=" " tag="019"><subfield code="a">Datenimport FG Kornhaus</subfield><subfield code="5">IDSBB/B425/2019</subfield></datafield><datafield ind1=" " ind2=" " tag="020"><subfield code="a">3857823097</subfield></datafield><datafield ind1=" " ind2=" " tag="035"><subfield code="a">(swissbib)242356834-41slsp_network</subfield></datafield><datafield ind1=" " ind2=" " tag="035"><subfield code="a">242356834</subfield><subfield code="9">ExL</subfield></datafield><datafield ind1=" " ind2=" " tag="035"><subfield code="a">(RERO)0433343-41slsp</subfield></datafield><datafield ind1=" " ind2=" " tag="035"><subfield code="a">(IDSBB)000033443DSV01</subfield></datafield><datafield ind1=" " ind2=" " tag="035"><subfield code="a">(NEBIS)000252074EBI01</subfield></datafield><datafield ind1=" " ind2=" " tag="035"><subfield code="a">(IDSLU)000668750ILU01</subfield></datafield><datafield ind1=" " ind2=" " tag="035"><subfield code="a">(ABN)000012571ABN01</subfield></datafield><datafield ind1=" " ind2=" " tag="035"><subfield code="a">(EXLNZ-41SLSP_NETWORK)991043962359705501</subfield></datafield><datafield ind1=" " ind2=" " tag="040"><subfield code="a">RERO</subfield><subfield code="d">CH-ZuSLS</subfield></datafield><datafield ind1="0" ind2=" " tag="041"><subfield code="a">ger</subfield><subfield code="a">fre</subfield></datafield><datafield ind1=" " ind2="7" tag="072"><subfield code="a">ba</subfield><subfield code="2">rero</subfield></datafield><datafield ind1=" " ind2="7" tag="072"><subfield code="a">at</subfield><subfield code="2">rero</subfield></datafield><datafield ind1=" " ind2="7" tag="072"><subfield code="a">kh</subfield><subfield code="2">SzZuIDS BS/BE</subfield></datafield><datafield ind1="1" ind2=" " tag="080"><subfield code="a">7(494)</subfield></datafield><datafield ind1="0" ind2="4" tag="082"><subfield code="a">726.5094945457</subfield><subfield code="2">22</subfield></datafield><datafield ind1="1" ind2=" " tag="100"><subfield code="a">Bucher, Werner</subfield><subfield code="d">1950-</subfield><subfield code="0">(RERO)A020007543</subfield><subfield code="4">aut</subfield><subfield code="6">880-01</subfield></datafield><datafield ind1="1" ind2=" " tag="880"><subfield code="a">Bucher, Werner</subfield><subfield code="d">1950-</subfield><subfield code="0">(DE-588)1073892026</subfield><subfield code="6">100-01</subfield></datafield><datafield ind1="1" ind2="0" tag="245"><subfield code="a">Reformierte Kirche Biel-Mett</subfield><subfield code="b">= Eglise réformée Bienne-Mâche</subfield><subfield code="c">Werner Bucher</subfield></datafield><datafield ind1="1" ind2="1" tag="246"><subfield code="a">Eglise réformée Bienne-Mâche</subfield></datafield><datafield ind1=" " ind2="1" tag="264"><subfield code="a">Bern</subfield><subfield code="b">Gesellschaft für Schweizerische Kunstgeschichte</subfield><subfield code="c">[1982]</subfield></datafield><datafield ind1=" " ind2="4" tag="264"><subfield code="c">© 1982</subfield></datafield><datafield ind1=" " ind2=" " tag="300"><subfield code="a">19 p.</subfield><subfield code="b">ill.</subfield><subfield code="c">20 cm</subfield></datafield><datafield ind1=" " ind2=" " tag="336"><subfield code="b">txt</subfield><subfield code="2">rdacontent</subfield></datafield><datafield ind1=" " ind2=" " tag="337"><subfield code="b">n</subfield><subfield code="2">rdamedia</subfield></datafield><datafield ind1=" " ind2=" " tag="338"><subfield code="b">nc</subfield><subfield code="2">rdacarrier</subfield></datafield><datafield ind1="1" ind2=" " tag="490"><subfield code="a">Schweizerische Kunstführer</subfield><subfield code="v">Nr. 309</subfield></datafield><datafield ind1=" " ind2=" " tag="500"><subfield code="a">Text: dt.-franz.</subfield></datafield><datafield ind1="1" ind2="7" tag="600"><subfield code="a">Dünz, Abraham</subfield><subfield code="d">1630-1688</subfield><subfield code="0">(DE-588)1017969884</subfield><subfield code="2">gnd</subfield></datafield><datafield ind1=" " ind2="7" tag="650"><subfield code="a">Églises protestantes (constructions)</subfield><subfield code="0">(IDREF)027876098</subfield><subfield code="2">idref</subfield></datafield><datafield ind1=" " ind2="7" tag="650"><subfield code="a">BIEL, BIENNE, STADT (KANTON BERN)</subfield><subfield code="9">ger</subfield><subfield code="0">(ETHUDK)000004957</subfield><subfield code="2">ethudk</subfield></datafield><datafield ind1=" " ind2="7" tag="650"><subfield code="a">KIRCHEN (ARCHITEKTUR)</subfield><subfield code="9">ger</subfield><subfield code="0">(ETHUDK)000035647</subfield><subfield code="2">ethudk</subfield></datafield><datafield ind1=" " ind2="7" tag="651"><subfield code="a">Mett (Suisse)</subfield><subfield code="0">(RERO)A010009166</subfield><subfield code="2">rero</subfield></datafield><datafield ind1=" " ind2="7" tag="651"><subfield code="a">Biel-Mett</subfield><subfield code="x">Reformierte Kirche</subfield><subfield code="2">idsbb</subfield></datafield><datafield ind1=" " ind2="7" tag="651"><subfield code="a">Biel</subfield><subfield code="x">Kirchen</subfield><subfield code="2">idsbb</subfield></datafield><datafield ind1=" " ind2="7" tag="655"><subfield code="a">Kunstführer</subfield><subfield code="2">gnd-content</subfield></datafield><datafield ind1=" " ind2=" " tag="690"><subfield code="a">Biel - Architektur, sakrale - Reformierte Kirche</subfield><subfield code="2">ubs-A5</subfield></datafield><datafield ind1=" " ind2=" " tag="690"><subfield code="a">Biel-Mett/Bienne-Mâche. Reformierte Kirche</subfield><subfield code="2">uzb-US</subfield></datafield><datafield ind1=" " ind2=" " tag="690"><subfield code="a">Kirchen. Schweiz: Bern-Kt.: Biel-Mett. A. Führer</subfield><subfield code="2">rzs-L1</subfield></datafield><datafield ind1=" " ind2=" " tag="690"><subfield code="a">Mett (Biel), B: Kirche, reformierte</subfield><subfield code="2">rzs-L1</subfield></datafield><datafield ind1=" " ind2=" " tag="690"><subfield code="a">Reformierte Kirche Biel-Mett. A. Führer</subfield><subfield code="2">rzs-L1</subfield></datafield><datafield ind1=" " ind2=" " tag="830"><subfield code="a">Schweizerische Kunstführer</subfield><subfield code="v">309</subfield><subfield code="w">(IDSLU)000134372ILU01</subfield></datafield><datafield ind1=" " ind2=" " tag="900"><subfield code="a">REROnoselfmerge</subfield></datafield><datafield ind1=" " ind2=" " tag="900"><subfield code="a">IDSE5E51ANH-2016</subfield></datafield><datafield ind1=" " ind2=" " tag="900"><subfield code="a">IDSE5E34ANH-2004</subfield></datafield><datafield ind1=" " ind2=" " tag="900"><subfield code="a">IDSZRMedeaZBZ</subfield><subfield code="b">IDSZRSWK</subfield></datafield><datafield ind1=" " ind2=" " tag="993"><subfield code="a">BFLA 78572/309</subfield><subfield code="x">ge/ulha/a/89</subfield><subfield code="9">LOCAL</subfield></datafield></record>
</metadata></record>