<record><header><identifier>oai:alma.41SLSP_UGE:991000037609705502</identifier><datestamp>2023-03-01T01:09:10Z</datestamp><setSpec>uge_bcen_RapidILL_BOOK</setSpec><setSpec>uge_aaca_RapidILL_BOOK</setSpec><setSpec>uge_abels_RapidILL_BOOK</setSpec><setSpec>uge_dbu_RapidILL_BOOK</setSpec><setSpec>uge_cmu_RapidILL_BOOK</setSpec><setSpec>uge_mail_RapidILL_BOOK</setSpec><setSpec>UNIGE_ALL</setSpec><setSpec>uge_abbat_RapidILL_BOOK</setSpec><setSpec>uge_aobs_RapidILL_BOOK</setSpec><setSpec>uge_acar_RapidILL_BOOK</setSpec></header><metadata>
<record xmlns="http://www.loc.gov/MARC21/slim" xmlns:xsi="http://www.w3.org/2001/XMLSchema-instance" xsi:schemaLocation="http://www.loc.gov/MARC21/slim http://www.loc.gov/standards/marcxml/schema/MARC21slim.xsd"><leader>00858nam a2200229 c 4500</leader><controlfield tag="001">991000037609705502</controlfield><controlfield tag="005">20201227164537.0</controlfield><controlfield tag="008">141124s1904    gw ||||| |||| 00| ||ger d</controlfield><datafield ind1=" " ind2=" " tag="035"><subfield code="a">(swissbib)120910365-41slsp_network</subfield></datafield><datafield ind1=" " ind2=" " tag="035"><subfield code="a">120910365</subfield><subfield code="9">ExL</subfield></datafield><datafield ind1=" " ind2=" " tag="035"><subfield code="a">(RERO)R007937689-41slsp</subfield></datafield><datafield ind1=" " ind2=" " tag="035"><subfield code="a">(EXLNZ-41SLSP_NETWORK)991070138729705501</subfield></datafield><datafield ind1=" " ind2=" " tag="040"><subfield code="a">RERO geussa</subfield><subfield code="d">CH-ZuSLS</subfield></datafield><datafield ind1=" " ind2="7" tag="072"><subfield code="a">bi</subfield><subfield code="2">rero</subfield></datafield><datafield ind1=" " ind2="7" tag="072"><subfield code="a">et</subfield><subfield code="2">rero</subfield></datafield><datafield ind1="0" ind2=" " tag="100"><subfield code="a">Skrobek</subfield><subfield code="0">(RERO)A024917601</subfield><subfield code="4">cre</subfield></datafield><datafield ind1="1" ind2="0" tag="245"><subfield code="a">Anatomie, Morphologie und Physiologie der Pflanzen, Tiere und Menschen</subfield><subfield code="b">ein Lehrbuch für Seminaristen nach den neuen Lehrplänen : ein Leitfaden zur Vorbereitung auf die Mittelschullehrerprüfung</subfield><subfield code="c">bearb. von Skrobek</subfield></datafield><datafield ind1=" " ind2="1" tag="264"><subfield code="a">Leipzig</subfield><subfield code="b">Verl. der Dürrschen Buchhandlung</subfield><subfield code="c">1904</subfield></datafield><datafield ind1=" " ind2=" " tag="300"><subfield code="a">181 p.</subfield></datafield><datafield ind1=" " ind2=" " tag="336"><subfield code="b">txt</subfield><subfield code="2">rdacontent</subfield></datafield><datafield ind1=" " ind2=" " tag="337"><subfield code="b">n</subfield><subfield code="2">rdamedia</subfield></datafield><datafield ind1=" " ind2=" " tag="338"><subfield code="b">nc</subfield><subfield code="2">rdacarrier</subfield></datafield><datafield ind1=" " ind2=" " tag="900"><subfield code="a">REROnoselfmerge</subfield></datafield></record>
</metadata></record>