<record><header><identifier>oai:alma.41SLSP_UGE:991000037089705502</identifier><datestamp>2023-06-06T00:10:51Z</datestamp><setSpec>UNIGE_ALL</setSpec></header><metadata>
<record xmlns="http://www.loc.gov/MARC21/slim" xmlns:xsi="http://www.w3.org/2001/XMLSchema-instance" xsi:schemaLocation="http://www.loc.gov/MARC21/slim http://www.loc.gov/standards/marcxml/schema/MARC21slim.xsd"><leader>02451ngm a2200349 c 4500</leader><controlfield tag="001">991000037089705502</controlfield><controlfield tag="005">20230605204633.0</controlfield><controlfield tag="007">vd |v||||</controlfield><controlfield tag="008">130122s2012    fr ||| |          v|fre d</controlfield><datafield ind1=" " ind2=" " tag="035"><subfield code="a">(swissbib)116900776-41slsp_network</subfield></datafield><datafield ind1=" " ind2=" " tag="035"><subfield code="a">116900776</subfield><subfield code="9">ExL</subfield></datafield><datafield ind1=" " ind2=" " tag="035"><subfield code="a">(RERO)R007222134-41slsp</subfield></datafield><datafield ind1=" " ind2=" " tag="035"><subfield code="a">(EXLNZ-41SLSP_NETWORK)991011034299705501</subfield></datafield><datafield ind1=" " ind2=" " tag="040"><subfield code="a">RERO geumem</subfield><subfield code="d">CH-ZuSLS</subfield></datafield><datafield ind1="1" ind2=" " tag="041"><subfield code="a">fre</subfield><subfield code="h">eng</subfield></datafield><datafield ind1=" " ind2="7" tag="072"><subfield code="a">ht</subfield><subfield code="2">rero</subfield></datafield><datafield ind1="0" ind2="0" tag="245"><subfield code="a">&lt;&lt;Le&gt;&gt; destin de l'Inde</subfield><subfield code="c">un film de Laurent Jaoui</subfield></datafield><datafield ind1=" " ind2="1" tag="264"><subfield code="a">[Lieu de publication non identifié]</subfield><subfield code="b">Alegria Productions</subfield><subfield code="b">Arte France</subfield><subfield code="b">PSBT [prod]</subfield><subfield code="c">2012</subfield></datafield><datafield ind1=" " ind2=" " tag="300"><subfield code="a">1 DVD-R (93 min.)</subfield></datafield><datafield ind1=" " ind2=" " tag="336"><subfield code="b">tdi</subfield><subfield code="2">rdacontent</subfield></datafield><datafield ind1=" " ind2=" " tag="337"><subfield code="b">v</subfield><subfield code="2">rdamedia</subfield></datafield><datafield ind1=" " ind2=" " tag="338"><subfield code="b">vd</subfield><subfield code="2">rdacarrier</subfield></datafield><datafield ind1=" " ind2=" " tag="385"><subfield code="a">Harmos10</subfield><subfield code="2">rero</subfield></datafield><datafield ind1=" " ind2=" " tag="385"><subfield code="a">Harmos11</subfield><subfield code="2">rero</subfield></datafield><datafield ind1=" " ind2=" " tag="385"><subfield code="a">Degré secondaire 2</subfield><subfield code="2">rero</subfield></datafield><datafield ind1="0" ind2=" " tag="490"><subfield code="a">Histoire vivante</subfield></datafield><datafield ind1=" " ind2=" " tag="500"><subfield code="a">Diffusé sur Arte, le 18 décembre 2012</subfield></datafield><datafield ind1=" " ind2=" " tag="500"><subfield code="a">Diffusée le 4 mai 2014 sur RTS2</subfield></datafield><datafield ind1="8" ind2=" " tag="520"><subfield code="a">L'histoire de l'Inde racontée à travers trois générations d'une famille de Delhi: du grand-père ayant quitté la campagne pour la ville aux petites-filles, diplômées de prestigieuses universités étrangères. Chaque génération symbolise les incroyables transformations du pays depuis son indépendance, en 1947. Soixante-cinq ans d'histoire indienne, palpitante. Par-delà les clichés de l'Inde des bidonvilles ou de l'Inde des nouveaux riches et de Bollywood, on entame ici un grand voyage historique dans la mémoire collective, dans les archives, dans la géographie humaine et complexe de l'Inde moderne. Malgré une instabilité chronique, la démocratie la plus peuplée au monde a surmonté les crises et les défis auxquels elle a dû faire face depuis 1947, pour devenir une des grandes puissances de la planète. Un film d¹histoire contemporaine, portant sur la période allant de l¹indépendance du pays jusqu¹à aujourd¹hui. Au cœur de cette histoire, une famille de classe moyenne, ancrée à New Delhi, les Agrawal, dont l'histoire est répartie sur plusieurs générations. Une famille qui incarne les grands dilemmes et tensions du développement indien: le service à la nation vs l'égoïsme de la consommation; la démocratie élitiste vs la longue marche des pauvres vers le pouvoir... (RTS)</subfield><subfield code="5">RERO/frvhep/05.2015</subfield></datafield><datafield ind1=" " ind2="7" tag="650"><subfield code="a">1947-2012</subfield><subfield code="2">rero</subfield></datafield><datafield ind1=" " ind2="7" tag="651"><subfield code="a">Inde</subfield><subfield code="0">(IDREF)027261980</subfield><subfield code="2">idref</subfield></datafield><datafield ind1=" " ind2="7" tag="655"><subfield code="a">DVD</subfield><subfield code="0">(IDREF)035108444</subfield><subfield code="2">idref</subfield></datafield><datafield ind1="1" ind2=" " tag="700"><subfield code="a">Jaoui, Laurent</subfield><subfield code="0">(RERO)A013324531</subfield></datafield></record>
</metadata></record>