<record><header><identifier>oai:alma.41SLSP_UGE:991000037509705502</identifier><datestamp>2023-03-01T01:09:10Z</datestamp><setSpec>uge_bcen_RapidILL_BOOK</setSpec><setSpec>uge_aaca_RapidILL_BOOK</setSpec><setSpec>uge_abels_RapidILL_BOOK</setSpec><setSpec>uge_dbu_RapidILL_BOOK</setSpec><setSpec>uge_cmu_RapidILL_BOOK</setSpec><setSpec>uge_mail_RapidILL_BOOK</setSpec><setSpec>UNIGE_ALL</setSpec><setSpec>uge_abbat_RapidILL_BOOK</setSpec><setSpec>uge_aobs_RapidILL_BOOK</setSpec><setSpec>uge_acar_RapidILL_BOOK</setSpec></header><metadata>
<record xmlns="http://www.loc.gov/MARC21/slim" xmlns:xsi="http://www.w3.org/2001/XMLSchema-instance" xsi:schemaLocation="http://www.loc.gov/MARC21/slim http://www.loc.gov/standards/marcxml/schema/MARC21slim.xsd"><leader>01439naa a2200313 c 4500</leader><controlfield tag="001">991000037509705502</controlfield><controlfield tag="005">20201225184731.0</controlfield><controlfield tag="008">940329s1991    sz ||||| |||| 00| ||eng d</controlfield><datafield ind1=" " ind2=" " tag="035"><subfield code="a">(swissbib)088596702-41slsp_network</subfield></datafield><datafield ind1=" " ind2=" " tag="035"><subfield code="a">088596702</subfield><subfield code="9">ExL</subfield></datafield><datafield ind1=" " ind2=" " tag="035"><subfield code="a">(RERO)1832510-41slsp</subfield></datafield><datafield ind1=" " ind2=" " tag="035"><subfield code="a">(EXLNZ-41SLSP_NETWORK)991109667049705501</subfield></datafield><datafield ind1=" " ind2=" " tag="040"><subfield code="a">RERO geudbu</subfield><subfield code="d">CH-ZuSLS</subfield></datafield><datafield ind1=" " ind2=" " tag="044"><subfield code="a">sz</subfield><subfield code="c">ch-ge</subfield></datafield><datafield ind1=" " ind2="7" tag="072"><subfield code="a">bi</subfield><subfield code="2">rero</subfield></datafield><datafield ind1="0" ind2="0" tag="245"><subfield code="a">&lt;&lt;A&gt;&gt; copy number mutant of plasmid pSC101</subfield><subfield code="b">= [Etude d'une mutation du plasmide pSC101 affectant son nombre de copies]</subfield><subfield code="c">G.-X. Xia... [et al.]</subfield></datafield><datafield ind1="1" ind2=" " tag="246"><subfield code="a">Etude d'une mutation du plasmide pSC101 affectant son nombre de copies</subfield></datafield><datafield ind1=" " ind2=" " tag="336"><subfield code="b">txt</subfield><subfield code="2">rdacontent</subfield></datafield><datafield ind1=" " ind2=" " tag="337"><subfield code="b">n</subfield><subfield code="2">rdamedia</subfield></datafield><datafield ind1=" " ind2=" " tag="338"><subfield code="b">nc</subfield><subfield code="2">rdacarrier</subfield></datafield><datafield ind1=" " ind2=" " tag="500"><subfield code="a">Avec un résumé en français</subfield></datafield><datafield ind1=" " ind2=" " tag="508"><subfield code="a">Autre(s) auteur(s): D. Manen, T. Goebel, P. Linder, G. Churchward, L. Caro</subfield></datafield><datafield ind1=" " ind2=" " tag="580"><subfield code="a">In: Molecular microbiology. - Oxford. - 5(1991), p. 631-640. Egalement publié dans: Régulation de la réplication de l'ADN chez le plasmide PSC101 / Guixian Xia. - Genève : [s.n.], 1993. - F. 1-26</subfield></datafield><datafield ind1="1" ind2=" " tag="700"><subfield code="a">Xia, Guixian</subfield><subfield code="0">(RERO)A003990103</subfield></datafield><datafield ind1="1" ind2=" " tag="700"><subfield code="a">Manen, Danielle</subfield><subfield code="0">(RERO)A003556349</subfield></datafield><datafield ind1="1" ind2=" " tag="700"><subfield code="a">Goebel, Thomas Nikolaus</subfield><subfield code="0">(RERO)A003303913</subfield></datafield><datafield ind1="1" ind2=" " tag="700"><subfield code="a">Caro, Lucien</subfield><subfield code="0">(RERO)A003078296</subfield></datafield><datafield ind1="0" ind2=" " tag="773"><subfield code="t">Régulation de la réplication de l'ADN chez le plasmide pSC101</subfield><subfield code="g">F. 1-26</subfield><subfield code="w">(RERO)1753980-41slsp</subfield></datafield><datafield ind1="0" ind2=" " tag="773"><subfield code="t">Molecular microbiology</subfield><subfield code="g">1991/631</subfield><subfield code="g">yr:1991</subfield></datafield><datafield ind1=" " ind2=" " tag="900"><subfield code="a">REROnoselfmerge</subfield></datafield></record>
</metadata></record>