<record><header><identifier>oai:alma.41SLSP_UGE:991000037839705502</identifier><datestamp>2023-06-09T00:15:44Z</datestamp><setSpec>uge_bcen_RapidILL_BOOK</setSpec><setSpec>uge_aaca_RapidILL_BOOK</setSpec><setSpec>uge_abels_RapidILL_BOOK</setSpec><setSpec>uge_dbu_RapidILL_BOOK</setSpec><setSpec>uge_cmu_RapidILL_BOOK</setSpec><setSpec>uge_mail_RapidILL_BOOK</setSpec><setSpec>uge_abbat_RapidILL_BOOK</setSpec><setSpec>UNIGE_ALL</setSpec><setSpec>uge_aobs_RapidILL_BOOK</setSpec><setSpec>uge_acar_RapidILL_BOOK</setSpec></header><metadata>
<record xmlns="http://www.loc.gov/MARC21/slim" xmlns:xsi="http://www.w3.org/2001/XMLSchema-instance" xsi:schemaLocation="http://www.loc.gov/MARC21/slim http://www.loc.gov/standards/marcxml/schema/MARC21slim.xsd"><leader>01211nam a2200313 c 4500</leader><controlfield tag="001">991000037839705502</controlfield><controlfield tag="005">20211112191607.0</controlfield><controlfield tag="008">051125s2005    xxu||||| |||| 00| ||eng d</controlfield><datafield ind1=" " ind2=" " tag="020"><subfield code="a">9812563660</subfield><subfield code="q">hdb</subfield></datafield><datafield ind1=" " ind2=" " tag="020"><subfield code="a">9812563806</subfield><subfield code="q">pbk.</subfield></datafield><datafield ind1="7" ind2=" " tag="024"><subfield code="a">http://catalogue.bnf.fr/ark:/12148/cb40158454n</subfield><subfield code="2">uri</subfield></datafield><datafield ind1=" " ind2=" " tag="035"><subfield code="a">(swissbib)102682852-41slsp_network</subfield></datafield><datafield ind1=" " ind2=" " tag="035"><subfield code="a">102682852</subfield><subfield code="9">ExL</subfield></datafield><datafield ind1=" " ind2=" " tag="035"><subfield code="a">(RERO)R003948855-41slsp</subfield></datafield><datafield ind1=" " ind2=" " tag="035"><subfield code="a">(EXLNZ-41SLSP_NETWORK)991090042059705501</subfield></datafield><datafield ind1=" " ind2=" " tag="040"><subfield code="a">RERO geussp</subfield><subfield code="d">CH-ZuSLS</subfield></datafield><datafield ind1=" " ind2="7" tag="072"><subfield code="a">py</subfield><subfield code="2">rero</subfield></datafield><datafield ind1="1" ind2=" " tag="100"><subfield code="a">Feynman, Richard Phillips</subfield><subfield code="d">1918-1988</subfield><subfield code="0">(IDREF)026864215</subfield><subfield code="4">cre</subfield></datafield><datafield ind1="1" ind2="0" tag="245"><subfield code="a">Feynman's thesis</subfield><subfield code="b">a new approach to quantum theory</subfield><subfield code="c">ed. Laurie M. Brown</subfield></datafield><datafield ind1=" " ind2="1" tag="264"><subfield code="a">Hackensack NJ</subfield><subfield code="b">World Scientific</subfield><subfield code="c">[2005]</subfield></datafield><datafield ind1=" " ind2="4" tag="264"><subfield code="c">© 2005</subfield></datafield><datafield ind1=" " ind2=" " tag="300"><subfield code="a">XXII, 119 p.</subfield><subfield code="b">ill.</subfield><subfield code="c">24 cm</subfield></datafield><datafield ind1=" " ind2=" " tag="336"><subfield code="b">txt</subfield><subfield code="2">rdacontent</subfield></datafield><datafield ind1=" " ind2=" " tag="337"><subfield code="b">n</subfield><subfield code="2">rdamedia</subfield></datafield><datafield ind1=" " ind2=" " tag="338"><subfield code="b">nc</subfield><subfield code="2">rdacarrier</subfield></datafield><datafield ind1=" " ind2=" " tag="500"><subfield code="a">Contient : The principle of least action in quantum mechanics ; Space-time approach to non-relativistic quantum mechanics de R.P. Feynman. Contient : The Lagrangian in quantum mechanics de P.A.M. Dirac</subfield></datafield><datafield ind1=" " ind2=" " tag="504"><subfield code="a">Bibliogr</subfield></datafield><datafield ind1="1" ind2=" " tag="700"><subfield code="a">Brown, Laurie M.</subfield><subfield code="d">1923-....</subfield><subfield code="0">(IDREF)085846392</subfield></datafield><datafield ind1="1" ind2=" " tag="700"><subfield code="a">Dirac, Paul Adrien Maurice</subfield><subfield code="0">(RERO)A003182108</subfield></datafield><datafield ind1=" " ind2=" " tag="900"><subfield code="a">REROnoselfmerge</subfield></datafield></record>
</metadata></record>