<record><header><identifier>oai:alma.41SLSP_UGE:991000037109705502</identifier><datestamp>2024-03-08T01:16:52Z</datestamp><setSpec>uge_bcen_RapidILL_BOOK</setSpec><setSpec>uge_aaca_RapidILL_BOOK</setSpec><setSpec>uge_abels_RapidILL_BOOK</setSpec><setSpec>uge_dbu_RapidILL_BOOK</setSpec><setSpec>uge_cmu_RapidILL_BOOK</setSpec><setSpec>uge_mail_RapidILL_BOOK</setSpec><setSpec>uge_abbat_RapidILL_BOOK</setSpec><setSpec>UNIGE_ALL</setSpec><setSpec>uge_aobs_RapidILL_BOOK</setSpec><setSpec>uge_acar_RapidILL_BOOK</setSpec></header><metadata>
<record xmlns="http://www.loc.gov/MARC21/slim" xmlns:xsi="http://www.w3.org/2001/XMLSchema-instance" xsi:schemaLocation="http://www.loc.gov/MARC21/slim http://www.loc.gov/standards/marcxml/schema/MARC21slim.xsd"><leader>05930nam a2201165uc 4500</leader><controlfield tag="001">991000037109705502</controlfield><controlfield tag="005">20240308012406.0</controlfield><controlfield tag="008">201012s1992    sz            00| | ger|d</controlfield><datafield ind1=" " ind2=" " tag="020"><subfield code="a">330301034X</subfield></datafield><datafield ind1="7" ind2=" " tag="024"><subfield code="a">http://catalogue.bnf.fr/ark:/12148/cb375351249</subfield><subfield code="2">uri</subfield></datafield><datafield ind1=" " ind2=" " tag="035"><subfield code="a">(swissbib)236594427-41slsp_network</subfield></datafield><datafield ind1=" " ind2=" " tag="035"><subfield code="a">236594427</subfield><subfield code="9">ExL</subfield></datafield><datafield ind1=" " ind2=" " tag="035"><subfield code="a">(NEBIS)001279762EBI01</subfield></datafield><datafield ind1=" " ind2=" " tag="035"><subfield code="a">(NEBIS)007786598EBI01</subfield></datafield><datafield ind1=" " ind2=" " tag="035"><subfield code="a">(RERO)1587272-41slsp</subfield></datafield><datafield ind1=" " ind2=" " tag="035"><subfield code="a">(IDSBB)000870111DSV01</subfield></datafield><datafield ind1=" " ind2=" " tag="035"><subfield code="a">(IDSLU)000075643ILU01</subfield></datafield><datafield ind1=" " ind2=" " tag="035"><subfield code="a">(ABN)000026774ABN01</subfield></datafield><datafield ind1=" " ind2=" " tag="035"><subfield code="a">(ALEX)bv00189659</subfield></datafield><datafield ind1=" " ind2=" " tag="035"><subfield code="a">(EXLNZ-41SLSP_NETWORK)991132901449705501</subfield></datafield><datafield ind1=" " ind2=" " tag="040"><subfield code="a">SzZuIDS NEBIS ZBZ</subfield><subfield code="d">CH-ZuSLS</subfield></datafield><datafield ind1="0" ind2=" " tag="041"><subfield code="a">ger</subfield><subfield code="a">fre</subfield></datafield><datafield ind1=" " ind2="7" tag="072"><subfield code="a">se</subfield><subfield code="2">rero</subfield></datafield><datafield ind1=" " ind2="7" tag="072"><subfield code="a">wi</subfield><subfield code="2">SzZuIDS BS/BE</subfield></datafield><datafield ind1=" " ind2="7" tag="072"><subfield code="a">150</subfield><subfield code="2">IDS LU</subfield></datafield><datafield ind1="0" ind2="4" tag="082"><subfield code="a">304.609494</subfield><subfield code="2">20</subfield></datafield><datafield ind1="1" ind2="4" tag="082"><subfield code="a">304.609 494</subfield><subfield code="2">22</subfield></datafield><datafield ind1="1" ind2="4" tag="082"><subfield code="a">330</subfield><subfield code="2">15</subfield></datafield><datafield ind1="0" ind2="0" tag="245"><subfield code="a">Bevölkerungsentwicklung 1850-1990</subfield><subfield code="b">die Bevölkerung der Gemeinden</subfield><subfield code="c">[Hrsg.:] Bundesamt für Statistik; [Bearb.: Sektion Bevölkerungs- und Haushaltsstruktur, BFS] = Evolution de la population 1850-1990 : la population des communes / [éd.:] Office Fédéral de la Statistique; [réalisation: Section de la Structure de la Population et des Ménages, OFS]</subfield></datafield><datafield ind1="1" ind2=" " tag="246"><subfield code="a">&lt;&lt;Die&gt;&gt; Bevölkerung der Gemeinden</subfield></datafield><datafield ind1="1" ind2=" " tag="246"><subfield code="a">Bevölkerungsentwicklung in den Gemeinden 1:1 000 000</subfield></datafield><datafield ind1="1" ind2=" " tag="246"><subfield code="a">Evolution de la population par commune 1:1 000 000</subfield></datafield><datafield ind1="1" ind2="1" tag="246"><subfield code="a">Evolution de la population 1850-1990</subfield></datafield><datafield ind1=" " ind2="1" tag="264"><subfield code="a">Bern</subfield><subfield code="b">Bundesamt für Statistik</subfield><subfield code="c">1992</subfield></datafield><datafield ind1=" " ind2=" " tag="300"><subfield code="a">XLIV, 212 p.</subfield><subfield code="b">ill.</subfield><subfield code="c">30 cm</subfield><subfield code="e">[5] f. de cartes dépl</subfield></datafield><datafield ind1=" " ind2=" " tag="336"><subfield code="b">txt</subfield><subfield code="2">rdacontent</subfield></datafield><datafield ind1=" " ind2=" " tag="337"><subfield code="b">n</subfield><subfield code="2">rdamedia</subfield></datafield><datafield ind1=" " ind2=" " tag="338"><subfield code="b">nc</subfield><subfield code="2">rdacarrier</subfield></datafield><datafield ind1="1" ind2=" " tag="490"><subfield code="a">Statistik der Schweiz. Fachbereich 1, Bevölkerung</subfield></datafield><datafield ind1="1" ind2=" " tag="490"><subfield code="a">Eidgenössische Volkszählung 1990</subfield></datafield><datafield ind1=" " ind2=" " tag="500"><subfield code="a">Text deutsch und französisch</subfield></datafield><datafield ind1=" " ind2=" " tag="500"><subfield code="a">Im Anhang 5 Karten: Bevölkerungsentwicklung in den Gemeinden : durchschnittliche jährliche Zuwachsrate der Wohnbevölkerung zwischen 1850 und 1990, in Prozent</subfield></datafield><datafield ind1="0" ind2=" " tag="505"><subfield code="a">Kartentitel: Bevölkerungsentwicklung in den Gemeinden 1:1 000 000 = Evolution de la population par commune 1:1 000 000</subfield></datafield><datafield ind1="8" ind2=" " tag="520"><subfield code="a">Ce fascicule contient les chiffres de la population des cantons, des districts et des communes, de tous les recensements fédéraux qui ont eu lieu depuis 1850. Outre un important texte introductif et cinq cartes historiques, le présent volume contient trois tableaux: - le premier fournit un aperçu rétrospectif du chiffre de la population des 3021 communesw suisses actuelles pour les quinze recensements de 1850 à 1990; - le second contient un survol des chiffres de la population des communes qui ont disparu par fusion ou par absorption entre 1850 et 1990; le dernier fournit le nombre d'habitants des districts dans leur configuration spatiale actuelle. [Editeur]</subfield><subfield code="5">RERO/vdimsp/05.2013</subfield></datafield><datafield ind1=" " ind2="7" tag="648"><subfield code="a">Geschichte 1850-1900</subfield><subfield code="2">idszbz</subfield></datafield><datafield ind1=" " ind2="7" tag="648"><subfield code="a">Geschichte 1850-1990</subfield><subfield code="2">idszbz</subfield></datafield><datafield ind1=" " ind2="7" tag="648"><subfield code="a">Geschichte 1900-2000</subfield><subfield code="2">idszbz</subfield></datafield><datafield ind1=" " ind2="7" tag="648"><subfield code="a">Geschichte 1850-1990</subfield><subfield code="2">gnd</subfield></datafield><datafield ind1=" " ind2="7" tag="650"><subfield code="a">Bevölkerung</subfield><subfield code="2">idszbz</subfield></datafield><datafield ind1=" " ind2="7" tag="650"><subfield code="a">Gemeinde</subfield><subfield code="0">(DE-588)4019956-3</subfield><subfield code="2">gnd</subfield></datafield><datafield ind1=" " ind2="7" tag="650"><subfield code="a">Kanton</subfield><subfield code="0">(DE-588)4139533-5</subfield><subfield code="2">gnd</subfield></datafield><datafield ind1=" " ind2="0" tag="650"><subfield code="a">Cities and towns</subfield><subfield code="z">Switzerland</subfield><subfield code="x">Population</subfield><subfield code="v">Statistics</subfield></datafield><datafield ind1=" " ind2="7" tag="650"><subfield code="a">BEVÖLKERUNGSKARTEN</subfield><subfield code="9">ger</subfield><subfield code="0">(ETHUDK)000036696</subfield><subfield code="2">ethudk</subfield></datafield><datafield ind1=" " ind2="7" tag="650"><subfield code="a">BEVÖLKERUNGSVERÄNDERUNGEN (STATISTIK)</subfield><subfield code="9">ger</subfield><subfield code="0">(ETHUDK)000010093</subfield><subfield code="2">ethudk</subfield></datafield><datafield ind1=" " ind2="7" tag="650"><subfield code="a">SCHWEIZ (MITTELEUROPA). SCHWEIZERISCHE EIDGENOSSENSCHAFT</subfield><subfield code="9">ger</subfield><subfield code="0">(ETHUDK)000004571</subfield><subfield code="2">ethudk</subfield></datafield><datafield ind1=" " ind2="7" tag="650"><subfield code="a">Bevölkerungsentwicklung</subfield><subfield code="0">(DE-588)4006292-2</subfield><subfield code="2">gnd</subfield></datafield><datafield ind1=" " ind2="7" tag="650"><subfield code="a">Kommunalpolitik</subfield><subfield code="0">(DE-588)4073648-9</subfield><subfield code="2">gnd</subfield></datafield><datafield ind1=" " ind2="7" tag="650"><subfield code="a">Bevölkerung</subfield><subfield code="9">ger</subfield><subfield code="0">(RERO)jurivoc000003826ger</subfield><subfield code="2">jurivoc</subfield></datafield><datafield ind1=" " ind2="7" tag="650"><subfield code="a">Statistik</subfield><subfield code="9">ger</subfield><subfield code="0">(RERO)jurivoc000021291ger</subfield><subfield code="2">jurivoc</subfield></datafield><datafield ind1=" " ind2="7" tag="650"><subfield code="a">Volkszählung</subfield><subfield code="9">ger</subfield><subfield code="0">(RERO)jurivoc000025579ger</subfield><subfield code="2">jurivoc</subfield></datafield><datafield ind1=" " ind2="2" tag="650"><subfield code="a">Demography</subfield></datafield><datafield ind1=" " ind2="2" tag="650"><subfield code="a">Population Dynamics</subfield></datafield><datafield ind1=" " ind2="7" tag="650"><subfield code="a">Population</subfield><subfield code="0">(IDREF)027546071</subfield><subfield code="2">idref</subfield></datafield><datafield ind1=" " ind2="7" tag="650"><subfield code="a">1850-1990</subfield><subfield code="2">rero</subfield></datafield><datafield ind1=" " ind2="7" tag="650"><subfield code="a">Volkszählung</subfield><subfield code="0">(DE-STW)15135-2</subfield><subfield code="2">stw</subfield></datafield><datafield ind1=" " ind2="7" tag="651"><subfield code="a">Schweiz</subfield><subfield code="2">idszbz</subfield></datafield><datafield ind1=" " ind2="7" tag="651"><subfield code="a">Schweiz</subfield><subfield code="0">(DE-588)4053881-3</subfield><subfield code="2">gnd</subfield></datafield><datafield ind1=" " ind2="0" tag="651"><subfield code="a">Switzerland</subfield><subfield code="v">Census, 1990</subfield></datafield><datafield ind1=" " ind2="0" tag="651"><subfield code="a">Switzerland</subfield><subfield code="x">Census, 1990</subfield></datafield><datafield ind1=" " ind2="0" tag="651"><subfield code="a">Switzerland</subfield><subfield code="x">Population</subfield><subfield code="v">Statistics</subfield></datafield><datafield ind1=" " ind2="0" tag="651"><subfield code="a">Switzerland</subfield><subfield code="x">Population</subfield><subfield code="x">Statistics</subfield></datafield><datafield ind1=" " ind2="7" tag="651"><subfield code="a">Schweiz</subfield><subfield code="x">Kanton</subfield><subfield code="2">swd</subfield></datafield><datafield ind1=" " ind2="7" tag="651"><subfield code="a">Schweiz</subfield><subfield code="9">ger</subfield><subfield code="0">(RERO)jurivoc000019912ger</subfield><subfield code="2">jurivoc</subfield></datafield><datafield ind1=" " ind2="2" tag="651"><subfield code="a">Switzerland</subfield></datafield><datafield ind1=" " ind2="7" tag="651"><subfield code="a">Suisse</subfield><subfield code="0">(IDREF)027249654</subfield><subfield code="2">idref</subfield></datafield><datafield ind1=" " ind2="7" tag="655"><subfield code="a">Statistik</subfield><subfield code="2">idszbz</subfield></datafield><datafield ind1=" " ind2="7" tag="655"><subfield code="a">Statistik</subfield><subfield code="2">gnd-content</subfield></datafield><datafield ind1=" " ind2="7" tag="655"><subfield code="a">Statistiques</subfield><subfield code="0">(IDREF)028627008</subfield><subfield code="2">idref</subfield></datafield><datafield ind1=" " ind2=" " tag="690"><subfield code="a">Statistik</subfield><subfield code="2">uzb-UC</subfield></datafield><datafield ind1=" " ind2=" " tag="690"><subfield code="a">Amtliche Statistik</subfield><subfield code="2">uzb-UC</subfield></datafield><datafield ind1=" " ind2=" " tag="690"><subfield code="a">Schweiz</subfield><subfield code="2">uzb-UC</subfield></datafield><datafield ind1=" " ind2=" " tag="690"><subfield code="a">Bevölkerung</subfield><subfield code="2">uzb-UC</subfield></datafield><datafield ind1=" " ind2=" " tag="690"><subfield code="a">Bevölkerungsentwicklung</subfield><subfield code="2">uzb-UC</subfield></datafield><datafield ind1=" " ind2=" " tag="690"><subfield code="a">Bevölkerungsstatistik</subfield><subfield code="2">uzb-UC</subfield></datafield><datafield ind1=" " ind2=" " tag="690"><subfield code="a">Schweiz</subfield><subfield code="2">uzb-UO</subfield></datafield><datafield ind1=" " ind2=" " tag="690"><subfield code="a">Bevölkerung.</subfield><subfield code="2">uzb-UO</subfield></datafield><datafield ind1=" " ind2=" " tag="690"><subfield code="a">Gemeinde</subfield><subfield code="2">uzb-UO</subfield></datafield><datafield ind1=" " ind2=" " tag="690"><subfield code="a">Statistik</subfield><subfield code="2">uzb-UO</subfield></datafield><datafield ind1=" " ind2=" " tag="690"><subfield code="a">Bestand: Dokumentation</subfield><subfield code="2">uzb-UO</subfield></datafield><datafield ind1=" " ind2=" " tag="690"><subfield code="a">201</subfield><subfield code="d">Schweiz: Statistiken</subfield><subfield code="2">uzb-UJ</subfield></datafield><datafield ind1=" " ind2=" " tag="690"><subfield code="a">210</subfield><subfield code="d">Schweiz: Bevölkerungsgeographie</subfield><subfield code="2">uzb-UJ</subfield></datafield><datafield ind1=" " ind2=" " tag="690"><subfield code="a">Bevölkerungsentwicklung. Schweiz, B: Statistiken 1850/1990</subfield><subfield code="2">rzs-L1</subfield></datafield><datafield ind1=" " ind2=" " tag="690"><subfield code="a">Statistiken. Schweiz, B: Bevölkerungsentwicklung 1850/1990</subfield><subfield code="2">rzs-L1</subfield></datafield><datafield ind1="1" ind2=" " tag="710"><subfield code="a">Suisse</subfield><subfield code="b">Office fédéral de la statistique</subfield><subfield code="0">(IDREF)026401738</subfield></datafield><datafield ind1="1" ind2=" " tag="710"><subfield code="a">Schweiz</subfield><subfield code="b">Bundesamt für Statistik</subfield><subfield code="0">(DE-588)2055388-2</subfield></datafield><datafield ind1="0" ind2=" " tag="730"><subfield code="a">Statistik der Schweiz</subfield><subfield code="n">Fachbereich 1, Bevölkerung</subfield></datafield><datafield ind1=" " ind2="0" tag="830"><subfield code="a">Statistik der Schweiz</subfield><subfield code="n">01</subfield><subfield code="p">Bevölkerung</subfield></datafield><datafield ind1=" " ind2="0" tag="830"><subfield code="a">Eidgenössische Volkszählung 1990</subfield><subfield code="v">5</subfield><subfield code="w">(IDSLU)000133497ILU01</subfield></datafield><datafield ind1=" " ind2="0" tag="830"><subfield code="a">Eidgenössische Volkszählung 1990</subfield><subfield code="w">(NEBIS)007831132EBI01</subfield></datafield><datafield ind1=" " ind2="0" tag="830"><subfield code="a">Statistik der Schweiz. Fachbereich 1, Bevölkerung</subfield><subfield code="w">(NEBIS)005449956EBI01</subfield></datafield><datafield ind1=" " ind2="0" tag="830"><subfield code="a">Eidgenössische Volkszählung 1990</subfield><subfield code="g">Bundesamt für Statistik</subfield><subfield code="w">(IDSBB)000862128DSV01</subfield></datafield></record>
</metadata></record>