<record><header><identifier>oai:alma.41SLSP_UGE:991000037629705502</identifier><datestamp>2023-03-13T01:06:15Z</datestamp><setSpec>uge_bcen_RapidILL_BOOK</setSpec><setSpec>uge_aaca_RapidILL_BOOK</setSpec><setSpec>uge_abels_RapidILL_BOOK</setSpec><setSpec>uge_dbu_RapidILL_BOOK</setSpec><setSpec>uge_cmu_RapidILL_BOOK</setSpec><setSpec>uge_mail_RapidILL_BOOK</setSpec><setSpec>uge_abbat_RapidILL_BOOK</setSpec><setSpec>UNIGE_ALL</setSpec><setSpec>uge_acar_RapidILL_BOOK</setSpec><setSpec>uge_aobs_RapidILL_BOOK</setSpec></header><metadata>
<record xmlns="http://www.loc.gov/MARC21/slim" xmlns:xsi="http://www.w3.org/2001/XMLSchema-instance" xsi:schemaLocation="http://www.loc.gov/MARC21/slim http://www.loc.gov/standards/marcxml/schema/MARC21slim.xsd"><leader>02290nam a2200373 c 4500</leader><controlfield tag="001">991000037629705502</controlfield><controlfield tag="005">20230312194719.0</controlfield><controlfield tag="008">140929s2001    xxu||||| |||| 00| ||eng d</controlfield><datafield ind1=" " ind2=" " tag="020"><subfield code="a">081440619X</subfield></datafield><datafield ind1=" " ind2=" " tag="020"><subfield code="a">1579583024</subfield></datafield><datafield ind1=" " ind2=" " tag="020"><subfield code="a">9780814406199</subfield></datafield><datafield ind1=" " ind2=" " tag="020"><subfield code="a">9781579583026</subfield></datafield><datafield ind1=" " ind2=" " tag="035"><subfield code="a">(swissbib)120696592-41slsp_network</subfield></datafield><datafield ind1=" " ind2=" " tag="035"><subfield code="a">120696592</subfield><subfield code="9">ExL</subfield></datafield><datafield ind1=" " ind2=" " tag="035"><subfield code="a">(RERO)R007894667-41slsp</subfield></datafield><datafield ind1=" " ind2=" " tag="035"><subfield code="a">(EXLNZ-41SLSP_NETWORK)991055971869705501</subfield></datafield><datafield ind1=" " ind2=" " tag="040"><subfield code="a">ERL</subfield><subfield code="d">CH-ZuSLS</subfield></datafield><datafield ind1=" " ind2="0" tag="050"><subfield code="a">HG3751.5</subfield><subfield code="b">.H36 2001</subfield></datafield><datafield ind1=" " ind2="7" tag="072"><subfield code="a">se</subfield><subfield code="2">rero</subfield></datafield><datafield ind1="0" ind2="0" tag="082"><subfield code="a">658.88011</subfield><subfield code="2">21</subfield></datafield><datafield ind1="0" ind2="0" tag="245"><subfield code="a">Handbook of credit scoring</subfield><subfield code="c">Elizabeth Mays, editor</subfield></datafield><datafield ind1=" " ind2="1" tag="264"><subfield code="a">Chicago</subfield><subfield code="b">Glenlake Pub. Co.</subfield><subfield code="b">Fitzroy Dearborn Pub.</subfield><subfield code="c">[2001]</subfield></datafield><datafield ind1=" " ind2="4" tag="264"><subfield code="c">© 2001</subfield></datafield><datafield ind1=" " ind2=" " tag="300"><subfield code="a">xvii, 364 p.</subfield><subfield code="b">ill.</subfield><subfield code="c">24 cm.</subfield></datafield><datafield ind1=" " ind2=" " tag="336"><subfield code="b">txt</subfield><subfield code="2">rdacontent</subfield></datafield><datafield ind1=" " ind2=" " tag="337"><subfield code="b">n</subfield><subfield code="2">rdamedia</subfield></datafield><datafield ind1=" " ind2=" " tag="338"><subfield code="b">nc</subfield><subfield code="2">rdacarrier</subfield></datafield><datafield ind1=" " ind2=" " tag="504"><subfield code="a">Includes bibliographical references and index.</subfield></datafield><datafield ind1="0" ind2=" " tag="505"><subfield code="a">Scoring applications / William M. Makuch -- Generic and customized scoring models : a comparison / Gary G. Chandler -- Using consumer credit information / Maria T. Pincetich and Kristin M. Tobin -- Scorecard modeling with continuous vs. classed variables / Dennis Ash and Dimitra Vlatsa -- The basics of scorecard development and validation / Elizabeth Mays -- Going beyond credit score : the development of a loss model for the home equity business / Wei Wang -- The basics of a better application score / William M. Makuch -- Optimal use of statistical techniques / John M.L. Gruenstein --Data mining / Allen Jost -- A multi-score approach for portfolio management / Tim Lee and Sung Chang Jung -- Reject inference in credit operations / David Hand -- Model design and validation : identifying potential sources of model risk / Dennis Glennon -- Measures for model validation / Tim Lee -- Evaluating and monitoring your model / Richard Schiffman -- Score-based collections strategies / Peter McAllister and Dana Eng -- Project management for credit scoring / Dana Wiklund -- Successful implementation--to be or not to be... / Mona Mayr</subfield></datafield><datafield ind1=" " ind2="0" tag="650"><subfield code="a">Credit control</subfield><subfield code="x">Methodology</subfield></datafield><datafield ind1=" " ind2="0" tag="650"><subfield code="a">Credit scoring systems</subfield></datafield><datafield ind1=" " ind2="7" tag="650"><subfield code="a">Méthode des scores</subfield><subfield code="0">(IDREF)031021573</subfield><subfield code="2">idref</subfield></datafield><datafield ind1="1" ind2=" " tag="700"><subfield code="a">Mays, Elizabeth</subfield><subfield code="0">(RERO)A024807941</subfield></datafield><datafield ind1=" " ind2=" " tag="900"><subfield code="a">REROnoselfmerge</subfield></datafield><datafield ind1=" " ind2=" " tag="910"><subfield code="a">OCoLC</subfield><subfield code="b">20140929</subfield><subfield code="c">Droits réservés</subfield></datafield></record>
</metadata></record>