<record><header><identifier>oai:alma.41SLSP_UGE:991000037739705502</identifier><datestamp>2023-03-29T00:16:47Z</datestamp><setSpec>uge_bcen_RapidILL_BOOK</setSpec><setSpec>uge_aaca_RapidILL_BOOK</setSpec><setSpec>uge_abels_RapidILL_BOOK</setSpec><setSpec>uge_dbu_RapidILL_BOOK</setSpec><setSpec>uge_cmu_RapidILL_BOOK</setSpec><setSpec>uge_mail_RapidILL_BOOK</setSpec><setSpec>uge_abbat_RapidILL_BOOK</setSpec><setSpec>UNIGE_ALL</setSpec><setSpec>uge_aobs_RapidILL_BOOK</setSpec><setSpec>uge_acar_RapidILL_BOOK</setSpec></header><metadata>
<record xmlns="http://www.loc.gov/MARC21/slim" xmlns:xsi="http://www.w3.org/2001/XMLSchema-instance" xsi:schemaLocation="http://www.loc.gov/MARC21/slim http://www.loc.gov/standards/marcxml/schema/MARC21slim.xsd"><leader>02001nam a2200481 c 4500</leader><controlfield tag="001">991000037739705502</controlfield><controlfield tag="005">20230328213646.0</controlfield><controlfield tag="008">201012s1999    it ||||| |||| 00| ||ita d</controlfield><datafield ind1=" " ind2=" " tag="020"><subfield code="a">8880163000</subfield></datafield><datafield ind1=" " ind2=" " tag="035"><subfield code="a">(swissbib)23374262X-41slsp_network</subfield></datafield><datafield ind1=" " ind2=" " tag="035"><subfield code="a">23374262X</subfield><subfield code="9">ExL</subfield></datafield><datafield ind1=" " ind2=" " tag="035"><subfield code="a">(RERO)R003293920-41slsp</subfield></datafield><datafield ind1=" " ind2=" " tag="035"><subfield code="a">(IDSBB)002021912DSV01</subfield></datafield><datafield ind1=" " ind2=" " tag="035"><subfield code="a">(NEBIS)009473238EBI01</subfield></datafield><datafield ind1=" " ind2=" " tag="035"><subfield code="a">(EXLNZ-41SLSP_NETWORK)991073119269705501</subfield></datafield><datafield ind1=" " ind2=" " tag="040"><subfield code="a">RERO geulsa</subfield><subfield code="d">CH-ZuSLS</subfield></datafield><datafield ind1=" " ind2="7" tag="072"><subfield code="a">ha</subfield><subfield code="2">rero</subfield></datafield><datafield ind1=" " ind2="7" tag="072"><subfield code="a">th</subfield><subfield code="2">rero</subfield></datafield><datafield ind1=" " ind2=" " tag="084"><subfield code="a">LG 6600</subfield><subfield code="2">rvk</subfield></datafield><datafield ind1=" " ind2=" " tag="084"><subfield code="a">LG 6700</subfield><subfield code="2">rvk</subfield></datafield><datafield ind1="0" ind2="0" tag="245"><subfield code="a">&lt;&lt;Il&gt;&gt; vino di Dioniso</subfield><subfield code="b">dei e uomini a banchetto in Basilicata : Roma, Museo Barracco, 8 luglio - 28 novembre 1999</subfield><subfield code="c">[Redazione catalogo Marina Piranomonte] ; Comune di Roma, Assessorato alle politiche culturali, Sovraintendenza ai beni culturali, Museo Barracco ; Regione Basilicata, Ministero per i beni e le attività culturali, Soprintendenza archeologica della Basilicata</subfield></datafield><datafield ind1=" " ind2="1" tag="264"><subfield code="a">Roma</subfield><subfield code="b">De Luca</subfield><subfield code="c">1999</subfield></datafield><datafield ind1=" " ind2=" " tag="300"><subfield code="a">61 p.</subfield><subfield code="b">ill.</subfield><subfield code="c">21 cm</subfield></datafield><datafield ind1=" " ind2=" " tag="336"><subfield code="b">txt</subfield><subfield code="2">rdacontent</subfield></datafield><datafield ind1=" " ind2=" " tag="337"><subfield code="b">n</subfield><subfield code="2">rdamedia</subfield></datafield><datafield ind1=" " ind2=" " tag="338"><subfield code="b">nc</subfield><subfield code="2">rdacarrier</subfield></datafield><datafield ind1=" " ind2=" " tag="500"><subfield code="a">Exposition. Roma. Museo Barrocco. 1999</subfield></datafield><datafield ind1=" " ind2=" " tag="500"><subfield code="a">Catalogo della mostra: Roma, Museo Barracco, 8 luglio - 28 novembre 1999</subfield></datafield><datafield ind1="0" ind2="7" tag="600"><subfield code="a">Dionysos - culte</subfield><subfield code="0">(RERO)A010074344</subfield><subfield code="2">rero</subfield></datafield><datafield ind1=" " ind2="7" tag="650"><subfield code="a">Banquets</subfield><subfield code="0">(IDREF)050587439</subfield><subfield code="2">idref</subfield></datafield><datafield ind1=" " ind2="7" tag="650"><subfield code="a">Antiquité</subfield><subfield code="0">(IDREF)027789888</subfield><subfield code="2">idref</subfield></datafield><datafield ind1=" " ind2="7" tag="651"><subfield code="a">Basilicate (Italie)</subfield><subfield code="0">(IDREF)027376508</subfield><subfield code="2">idref</subfield></datafield><datafield ind1=" " ind2="7" tag="655"><subfield code="a">Catalogues d'exposition</subfield><subfield code="0">(IDREF)027320456</subfield><subfield code="2">idref</subfield></datafield><datafield ind1=" " ind2="7" tag="655"><subfield code="a">Ausstellungskatalog</subfield><subfield code="z">Rom</subfield><subfield code="y">1999</subfield><subfield code="2">gnd-content</subfield></datafield><datafield ind1=" " ind2="7" tag="655"><subfield code="a">Ausstellungskatalog</subfield><subfield code="z">Roma</subfield><subfield code="y">1999</subfield><subfield code="2">gnd-content</subfield></datafield><datafield ind1=" " ind2=" " tag="690"><subfield code="a">Symposion</subfield><subfield code="2">ubs-AA</subfield></datafield><datafield ind1=" " ind2=" " tag="690"><subfield code="a">Wein</subfield><subfield code="2">ubs-AA</subfield></datafield><datafield ind1=" " ind2=" " tag="690"><subfield code="a">Dionysos</subfield><subfield code="2">ubs-AA</subfield></datafield><datafield ind1="1" ind2=" " tag="700"><subfield code="a">Piranomonte, Marina</subfield><subfield code="0">(IDREF)074156802</subfield></datafield><datafield ind1="2" ind2=" " tag="710"><subfield code="a">Museo di scultura antica Giovanni Barracco</subfield><subfield code="0">(DE-588)5050066-1</subfield></datafield><datafield ind1="2" ind2=" " tag="710"><subfield code="a">Roma</subfield><subfield code="0">(RERO)A000139005</subfield></datafield><datafield ind1="2" ind2=" " tag="710"><subfield code="a">Basilicata</subfield><subfield code="0">(IDREF)027376508</subfield></datafield><datafield ind1=" " ind2=" " tag="900"><subfield code="a">REROnoselfmerge</subfield></datafield><datafield ind1=" " ind2=" " tag="900"><subfield code="f">IDSU2medea</subfield><subfield code="a">IDSU2remark KS</subfield></datafield></record>
</metadata></record>