<record><header><identifier>oai:alma.41SLSP_UGE:991000036999705502</identifier><datestamp>2023-03-01T01:09:10Z</datestamp><setSpec>uge_bcen_RapidILL_BOOK</setSpec><setSpec>uge_aaca_RapidILL_BOOK</setSpec><setSpec>uge_abels_RapidILL_BOOK</setSpec><setSpec>uge_dbu_RapidILL_BOOK</setSpec><setSpec>uge_cmu_RapidILL_BOOK</setSpec><setSpec>uge_mail_RapidILL_BOOK</setSpec><setSpec>UNIGE_ALL</setSpec><setSpec>uge_abbat_RapidILL_BOOK</setSpec><setSpec>uge_aobs_RapidILL_BOOK</setSpec><setSpec>uge_acar_RapidILL_BOOK</setSpec></header><metadata>
<record xmlns="http://www.loc.gov/MARC21/slim" xmlns:xsi="http://www.w3.org/2001/XMLSchema-instance" xsi:schemaLocation="http://www.loc.gov/MARC21/slim http://www.loc.gov/standards/marcxml/schema/MARC21slim.xsd"><leader>01179nam a2200337 c 4500</leader><controlfield tag="001">991000036999705502</controlfield><controlfield tag="005">20201231130701.0</controlfield><controlfield tag="008">201012s1973    xxk||||| |||| 00| ||eng d</controlfield><datafield ind1=" " ind2=" " tag="020"><subfield code="a">0140807934</subfield></datafield><datafield ind1=" " ind2=" " tag="035"><subfield code="a">(swissbib)237836785-41slsp_network</subfield></datafield><datafield ind1=" " ind2=" " tag="035"><subfield code="a">237836785</subfield><subfield code="9">ExL</subfield></datafield><datafield ind1=" " ind2=" " tag="035"><subfield code="a">(RERO)R003638415-41slsp</subfield></datafield><datafield ind1=" " ind2=" " tag="035"><subfield code="a">(NEBIS)004416779EBI01</subfield></datafield><datafield ind1=" " ind2=" " tag="035"><subfield code="a">(EXLNZ-41SLSP_NETWORK)991129668859705501</subfield></datafield><datafield ind1=" " ind2=" " tag="040"><subfield code="a">RERO neubfl</subfield><subfield code="d">CH-ZuSLS</subfield></datafield><datafield ind1=" " ind2="7" tag="072"><subfield code="a">an</subfield><subfield code="2">rero</subfield></datafield><datafield ind1="0" ind2="0" tag="245"><subfield code="a">Henry Fielding</subfield><subfield code="b">a critical anthology</subfield><subfield code="c">ed. by Claude Rawson</subfield></datafield><datafield ind1=" " ind2="1" tag="264"><subfield code="a">Harmondsworth [etc.]</subfield><subfield code="b">Penguin Books</subfield><subfield code="c">1973</subfield></datafield><datafield ind1=" " ind2=" " tag="300"><subfield code="a">619 p.</subfield><subfield code="c">18 cm</subfield></datafield><datafield ind1=" " ind2=" " tag="336"><subfield code="b">txt</subfield><subfield code="2">rdacontent</subfield></datafield><datafield ind1=" " ind2=" " tag="337"><subfield code="b">n</subfield><subfield code="2">rdamedia</subfield></datafield><datafield ind1=" " ind2=" " tag="338"><subfield code="b">nc</subfield><subfield code="2">rdacarrier</subfield></datafield><datafield ind1="1" ind2=" " tag="490"><subfield code="a">Penguin education</subfield></datafield><datafield ind1="1" ind2=" " tag="490"><subfield code="a">Penguin critical anthologies</subfield></datafield><datafield ind1="1" ind2="7" tag="600"><subfield code="a">Fielding, Henry</subfield><subfield code="d">1707-1754</subfield><subfield code="0">(IDREF)026864541</subfield><subfield code="2">idref</subfield></datafield><datafield ind1=" " ind2="7" tag="655"><subfield code="a">[Études diverses]</subfield><subfield code="0">(RERO)A022249905</subfield><subfield code="2">rero</subfield></datafield><datafield ind1="1" ind2=" " tag="700"><subfield code="a">Rawson, Claude</subfield><subfield code="d">1935-</subfield><subfield code="0">(DE-588)133102785</subfield></datafield><datafield ind1="1" ind2=" " tag="700"><subfield code="a">Rawson, Claude Julien</subfield><subfield code="d">1935-....</subfield><subfield code="0">(IDREF)028845641</subfield></datafield><datafield ind1=" " ind2=" " tag="830"><subfield code="a">Penguin education</subfield><subfield code="w">(RERO)0212321-41slsp</subfield></datafield><datafield ind1=" " ind2=" " tag="830"><subfield code="a">Penguin critical anthologies</subfield><subfield code="w">(RERO)0070140-41slsp</subfield></datafield><datafield ind1=" " ind2=" " tag="900"><subfield code="a">REROnoselfmerge</subfield></datafield><datafield ind1=" " ind2=" " tag="900"><subfield code="a">IDSZ2esmon200902r</subfield><subfield code="c">IDSZ2fumo</subfield></datafield></record>
</metadata></record>