<record><header><identifier>oai:alma.41SLSP_UGE:991000037539705502</identifier><datestamp>2024-11-12T01:07:41Z</datestamp><setSpec>uge_bcen_RapidILL_BOOK</setSpec><setSpec>uge_aaca_RapidILL_BOOK</setSpec><setSpec>uge_abels_RapidILL_BOOK</setSpec><setSpec>uge_dbu_RapidILL_BOOK</setSpec><setSpec>uge_cmu_RapidILL_BOOK</setSpec><setSpec>uge_mail_RapidILL_BOOK</setSpec><setSpec>uge_abbat_RapidILL_BOOK</setSpec><setSpec>UNIGE_ALL</setSpec><setSpec>uge_acar_RapidILL_BOOK</setSpec><setSpec>uge_aobs_RapidILL_BOOK</setSpec></header><metadata>
<record xmlns="http://www.loc.gov/MARC21/slim" xmlns:xsi="http://www.w3.org/2001/XMLSchema-instance" xsi:schemaLocation="http://www.loc.gov/MARC21/slim http://www.loc.gov/standards/marcxml/schema/MARC21slim.xsd"><leader>01474nam a2200373 c 4500</leader><controlfield tag="001">991000037539705502</controlfield><controlfield tag="005">20241111220029.0</controlfield><controlfield tag="008">201011s1891    fr ||||| |||| 00| ||fre d</controlfield><datafield ind1=" " ind2=" " tag="035"><subfield code="a">(swissbib)228468906-41slsp_network</subfield></datafield><datafield ind1=" " ind2=" " tag="035"><subfield code="a">228468906</subfield><subfield code="9">ExL</subfield></datafield><datafield ind1=" " ind2=" " tag="035"><subfield code="a">(RERO)R004281742-41slsp</subfield></datafield><datafield ind1=" " ind2=" " tag="035"><subfield code="a">(IDSBB)003408272DSV01</subfield></datafield><datafield ind1=" " ind2=" " tag="035"><subfield code="a">(EXLNZ-41SLSP_NETWORK)991119476719705501</subfield></datafield><datafield ind1=" " ind2=" " tag="040"><subfield code="a">RERO labcuc</subfield><subfield code="d">CH-ZuSLS</subfield></datafield><datafield ind1=" " ind2="7" tag="072"><subfield code="a">th</subfield><subfield code="2">rero</subfield></datafield><datafield ind1="1" ind2=" " tag="100"><subfield code="a">Court, Antoine</subfield><subfield code="c">pasteur</subfield><subfield code="0">(RERO)A012326919</subfield><subfield code="4">cre</subfield></datafield><datafield ind1="1" ind2="0" tag="245"><subfield code="a">&lt;&lt;L'&gt;&gt;assemblée de la Baume des Fées, près Nîmes</subfield><subfield code="b">relation d'Antoine Court, avec lettres et pièces justificatives recueillies par Charles Sagnier</subfield><subfield code="c">introd. et notes de Jules Bonnet</subfield></datafield><datafield ind1=" " ind2="1" tag="264"><subfield code="a">Nîmes</subfield><subfield code="b">Lavagne-Peyrot</subfield><subfield code="c">[1891?]</subfield></datafield><datafield ind1=" " ind2=" " tag="300"><subfield code="a">279 p.</subfield><subfield code="c">in-12</subfield></datafield><datafield ind1=" " ind2=" " tag="336"><subfield code="b">txt</subfield><subfield code="2">rdacontent</subfield></datafield><datafield ind1=" " ind2=" " tag="337"><subfield code="b">n</subfield><subfield code="2">rdamedia</subfield></datafield><datafield ind1=" " ind2=" " tag="338"><subfield code="b">nc</subfield><subfield code="2">rdacarrier</subfield></datafield><datafield ind1=" " ind2="4" tag="648"><subfield code="a">Geschichte 1720-1721</subfield></datafield><datafield ind1=" " ind2="7" tag="650"><subfield code="a">Assemblées du Désert</subfield><subfield code="0">(IDREF)029895995</subfield><subfield code="2">idref</subfield></datafield><datafield ind1=" " ind2="7" tag="650"><subfield code="a">Persécutions</subfield><subfield code="0">(IDREF)027366618</subfield><subfield code="2">idref</subfield></datafield><datafield ind1=" " ind2="4" tag="650"><subfield code="a">Hugenotten</subfield></datafield><datafield ind1=" " ind2="4" tag="650"><subfield code="a">Prozess</subfield></datafield><datafield ind1=" " ind2="4" tag="651"><subfield code="a">Nîmes</subfield><subfield code="z">Region</subfield></datafield><datafield ind1=" " ind2="7" tag="655"><subfield code="a">Sources</subfield><subfield code="0">(IDREF)027537161</subfield><subfield code="2">idref</subfield></datafield><datafield ind1=" " ind2="4" tag="655"><subfield code="a">Quelle</subfield></datafield><datafield ind1="1" ind2=" " tag="700"><subfield code="a">Bonnet, Jules</subfield><subfield code="0">(RERO)A003023988</subfield></datafield><datafield ind1="1" ind2=" " tag="700"><subfield code="a">Sagnier, Charles</subfield><subfield code="d">1844-1888</subfield><subfield code="0">(IDREF)034908013</subfield></datafield><datafield ind1="0" ind2="8" tag="776"><subfield code="i">Publié également comme</subfield><subfield code="n">édition en ligne</subfield><subfield code="t">&lt;&lt;L'&gt;&gt;assemblée de la Baume des Fées, près Nîmes</subfield><subfield code="w">991171988126105501</subfield></datafield><datafield ind1="4" ind2="1" tag="856"><subfield code="u">http://books.google.ch/books?vid=BCULVD2135713</subfield><subfield code="z">Extraits?</subfield><subfield code="z">Googlos 2007-2009</subfield></datafield><datafield ind1=" " ind2=" " tag="900"><subfield code="a">REROnoselfmerge</subfield></datafield><datafield ind1=" " ind2=" " tag="993"><subfield code="a">MHR Ri 19</subfield><subfield code="x">ge/mhr-/2006</subfield><subfield code="9">LOCAL</subfield></datafield></record>
</metadata></record>