<record><header><identifier>oai:alma.41SLSP_UGE:991000037749705502</identifier><datestamp>2023-06-14T00:12:44Z</datestamp><setSpec>uge_bcen_RapidILL_BOOK</setSpec><setSpec>uge_aaca_RapidILL_BOOK</setSpec><setSpec>uge_abels_RapidILL_BOOK</setSpec><setSpec>uge_dbu_RapidILL_BOOK</setSpec><setSpec>uge_cmu_RapidILL_BOOK</setSpec><setSpec>uge_mail_RapidILL_BOOK</setSpec><setSpec>uge_abbat_RapidILL_BOOK</setSpec><setSpec>UNIGE_ALL</setSpec><setSpec>uge_aobs_RapidILL_BOOK</setSpec><setSpec>uge_acar_RapidILL_BOOK</setSpec></header><metadata>
<record xmlns="http://www.loc.gov/MARC21/slim" xmlns:xsi="http://www.w3.org/2001/XMLSchema-instance" xsi:schemaLocation="http://www.loc.gov/MARC21/slim http://www.loc.gov/standards/marcxml/schema/MARC21slim.xsd"><leader>01031naa a2200253 c 4500</leader><controlfield tag="001">991000037749705502</controlfield><controlfield tag="005">20211113184221.0</controlfield><controlfield tag="008">160331s1929    sz ||||| |||| 00| ||fre d</controlfield><datafield ind1=" " ind2=" " tag="035"><subfield code="a">(swissbib)122762428-41slsp_network</subfield></datafield><datafield ind1=" " ind2=" " tag="035"><subfield code="a">122762428</subfield><subfield code="9">ExL</subfield></datafield><datafield ind1=" " ind2=" " tag="035"><subfield code="a">(RERO)R008398097-41slsp</subfield></datafield><datafield ind1=" " ind2=" " tag="035"><subfield code="a">(EXLNZ-41SLSP_NETWORK)991086289669705501</subfield></datafield><datafield ind1=" " ind2=" " tag="040"><subfield code="a">RERO geussc</subfield><subfield code="d">CH-ZuSLS</subfield></datafield><datafield ind1=" " ind2=" " tag="044"><subfield code="a">sz</subfield><subfield code="c">ch-ge</subfield></datafield><datafield ind1=" " ind2="7" tag="072"><subfield code="a">ch</subfield><subfield code="2">rero</subfield></datafield><datafield ind1="1" ind2=" " tag="100"><subfield code="a">Duparc, Louis</subfield><subfield code="c">géologue</subfield><subfield code="d">1866-1932</subfield><subfield code="0">(IDREF)103614265</subfield><subfield code="4">cre</subfield></datafield><datafield ind1="1" ind2="0" tag="245"><subfield code="a">Sur l'azoturation du manganèse</subfield><subfield code="c">L. Duparc, P. Wenger et Ch. Cimerman</subfield></datafield><datafield ind1=" " ind2=" " tag="336"><subfield code="b">txt</subfield><subfield code="2">rdacontent</subfield></datafield><datafield ind1=" " ind2=" " tag="337"><subfield code="b">n</subfield><subfield code="2">rdamedia</subfield></datafield><datafield ind1=" " ind2=" " tag="338"><subfield code="b">nc</subfield><subfield code="2">rdacarrier</subfield></datafield><datafield ind1=" " ind2=" " tag="580"><subfield code="a">In: Compte rendu des séances de la Société de physique et d'histoire naturelle de Genève. - Genève. - Vol. 46(1929), no 2, p. 91-97</subfield></datafield><datafield ind1="1" ind2=" " tag="700"><subfield code="a">Wenger, Paul-Eugène-Etienne</subfield><subfield code="d">1888-.....</subfield><subfield code="0">(IDREF)072300345</subfield></datafield><datafield ind1="1" ind2=" " tag="700"><subfield code="a">Cimerman, Chevel</subfield><subfield code="0">(IDREF)150290470</subfield></datafield><datafield ind1="0" ind2=" " tag="773"><subfield code="t">Compte rendu des séances de la Société de physique et d'histoire naturelle de Genève</subfield><subfield code="g">46/1929/091</subfield><subfield code="w">(RERO)0292428-41slsp</subfield></datafield><datafield ind1=" " ind2=" " tag="900"><subfield code="a">REROnoselfmerge</subfield></datafield></record>
</metadata></record>