<record><header><identifier>oai:alma.41SLSP_UGE:991000037949705502</identifier><datestamp>2023-03-06T01:08:29Z</datestamp><setSpec>uge_bcen_RapidILL_BOOK</setSpec><setSpec>uge_aaca_RapidILL_BOOK</setSpec><setSpec>uge_abels_RapidILL_BOOK</setSpec><setSpec>uge_dbu_RapidILL_BOOK</setSpec><setSpec>uge_cmu_RapidILL_BOOK</setSpec><setSpec>uge_mail_RapidILL_BOOK</setSpec><setSpec>uge_abbat_RapidILL_BOOK</setSpec><setSpec>UNIGE_ALL</setSpec><setSpec>uge_aobs_RapidILL_BOOK</setSpec><setSpec>uge_acar_RapidILL_BOOK</setSpec></header><metadata>
<record xmlns="http://www.loc.gov/MARC21/slim" xmlns:xsi="http://www.w3.org/2001/XMLSchema-instance" xsi:schemaLocation="http://www.loc.gov/MARC21/slim http://www.loc.gov/standards/marcxml/schema/MARC21slim.xsd"><leader>02476nam a2200457 c 4500</leader><controlfield tag="001">991000037949705502</controlfield><controlfield tag="005">20230305091246.0</controlfield><controlfield tag="008">201011s2017    fr a     b||| 000 0 fre|d</controlfield><datafield ind1=" " ind2=" " tag="020"><subfield code="a">2100705342</subfield></datafield><datafield ind1=" " ind2=" " tag="020"><subfield code="a">9782100705344</subfield></datafield><datafield ind1=" " ind2=" " tag="035"><subfield code="a">(swissbib)232185158-41slsp_network</subfield></datafield><datafield ind1=" " ind2=" " tag="035"><subfield code="a">232185158</subfield><subfield code="9">ExL</subfield></datafield><datafield ind1=" " ind2=" " tag="035"><subfield code="a">(IDSBB)006785770DSV01</subfield></datafield><datafield ind1=" " ind2=" " tag="035"><subfield code="a">(RERO)R008728799-41slsp</subfield></datafield><datafield ind1=" " ind2=" " tag="035"><subfield code="a">(OCoLC)1001964015</subfield></datafield><datafield ind1=" " ind2=" " tag="035"><subfield code="a">(EXLNZ-41SLSP_NETWORK)991096729609705501</subfield></datafield><datafield ind1=" " ind2=" " tag="040"><subfield code="a">CHVBK</subfield><subfield code="b">ger</subfield><subfield code="e">rda</subfield><subfield code="d">CH-ZuSLS</subfield></datafield><datafield ind1=" " ind2="7" tag="072"><subfield code="a">ps</subfield><subfield code="2">rero</subfield></datafield><datafield ind1="1" ind2="4" tag="082"><subfield code="a">150</subfield><subfield code="2">15</subfield></datafield><datafield ind1="0" ind2="0" tag="245"><subfield code="a">Traité de psychologie des émotions</subfield><subfield code="c">sous la direction de David Sander, Klaus R. Scherer</subfield></datafield><datafield ind1=" " ind2="1" tag="264"><subfield code="a">Malakoff</subfield><subfield code="b">Dunod</subfield><subfield code="c">2017</subfield></datafield><datafield ind1=" " ind2=" " tag="300"><subfield code="a">485 Seiten</subfield><subfield code="b">Illustrationen</subfield></datafield><datafield ind1=" " ind2=" " tag="336"><subfield code="b">txt</subfield><subfield code="2">rdacontent</subfield></datafield><datafield ind1=" " ind2=" " tag="337"><subfield code="b">n</subfield><subfield code="2">rdamedia</subfield></datafield><datafield ind1=" " ind2=" " tag="338"><subfield code="b">nc</subfield><subfield code="2">rdacarrier</subfield></datafield><datafield ind1="1" ind2=" " tag="490"><subfield code="a">Psycho sup</subfield></datafield><datafield ind1=" " ind2=" " tag="504"><subfield code="a">Bibliografia: p. [414]-466</subfield></datafield><datafield ind1="8" ind2=" " tag="520"><subfield code="a">La psychologie des émotions: survol des théories et débats essentiels. - Théorie de l'évaluation cognitive et dynamique des processus émotionnels. - Expression faciale des émotions. - Expression vocale des émotions. - Psychophysiologie des émotions. - Motivation et tendances à l'action. - Le sentiment subjectif. Intégration et représentation centrale consciente des composantes émotionnelles. - La régulation des émotions. - Stress et coping: un état des lieux. - Emotions intergroupes: application des théories de l'évaluation  et de la différentiation des émotions (Théories de l'appraisal) aux relations intergroupes. - Les émotions dans le monde de l'entreprise et du travail. - La personnalité et les émotions. - Biais d'évaluation cognitive et phobie sociale (Table des matières)</subfield><subfield code="5">RERO/frvhep /02.2017</subfield></datafield><datafield ind1=" " ind2="7" tag="650"><subfield code="a">Gefühl</subfield><subfield code="0">(DE-588)4019702-5</subfield><subfield code="2">gnd</subfield></datafield><datafield ind1=" " ind2="7" tag="650"><subfield code="a">Physiologische Psychologie</subfield><subfield code="0">(DE-588)4076126-5</subfield><subfield code="2">gnd</subfield></datafield><datafield ind1=" " ind2="7" tag="650"><subfield code="a">Neurophysiologie</subfield><subfield code="0">(DE-588)4041897-2</subfield><subfield code="2">gnd</subfield></datafield><datafield ind1=" " ind2="7" tag="650"><subfield code="a">Émotions</subfield><subfield code="0">(IDREF)027387402</subfield><subfield code="2">idref</subfield></datafield><datafield ind1=" " ind2="7" tag="650"><subfield code="a">Psychophysiologie</subfield><subfield code="0">(IDREF)027241696</subfield><subfield code="2">idref</subfield></datafield><datafield ind1=" " ind2="7" tag="650"><subfield code="a">Psychologie</subfield><subfield code="0">(IDREF)027346900</subfield><subfield code="2">idref</subfield></datafield><datafield ind1=" " ind2="7" tag="655"><subfield code="a">Aufsatzsammlung</subfield><subfield code="2">gnd-content</subfield></datafield><datafield ind1="1" ind2=" " tag="700"><subfield code="a">Scherer, Klaus Rainer</subfield><subfield code="0">(RERO)A003795014</subfield></datafield><datafield ind1="1" ind2=" " tag="700"><subfield code="a">Scherer, Klaus R.</subfield><subfield code="d">1943-</subfield><subfield code="0">(DE-588)136202063</subfield><subfield code="e">Herausgeber</subfield><subfield code="4">edt</subfield></datafield><datafield ind1="1" ind2=" " tag="700"><subfield code="a">Sander, David</subfield><subfield code="d">1976-</subfield><subfield code="0">(DE-588)139236325</subfield><subfield code="e">Herausgeber</subfield><subfield code="4">edt</subfield><subfield code="6">880-03</subfield></datafield><datafield ind1="1" ind2=" " tag="880"><subfield code="6">700-03</subfield><subfield code="a">Sander, David</subfield><subfield code="d">1976-....</subfield><subfield code="0">(IDREF)067731058</subfield></datafield><datafield ind1=" " ind2=" " tag="830"><subfield code="a">Psycho sup</subfield><subfield code="w">(IDSBB)001550682DSV01</subfield></datafield><datafield ind1=" " ind2=" " tag="900"><subfield code="a">IDSDSStoppsignal FRED</subfield></datafield><datafield ind1=" " ind2=" " tag="900"><subfield code="a">REROnoselfmerge</subfield></datafield></record>
</metadata></record>