<record><header><identifier>oai:alma.41SLSP_UGE:991000037219705502</identifier><datestamp>2024-10-16T00:17:50Z</datestamp><setSpec>uge_bcen_RapidILL_BOOK</setSpec><setSpec>uge_aaca_RapidILL_BOOK</setSpec><setSpec>uge_abels_RapidILL_BOOK</setSpec><setSpec>uge_dbu_RapidILL_BOOK</setSpec><setSpec>uge_cmu_RapidILL_BOOK</setSpec><setSpec>uge_mail_RapidILL_BOOK</setSpec><setSpec>uge_abbat_RapidILL_BOOK</setSpec><setSpec>UNIGE_ALL</setSpec><setSpec>uge_aobs_RapidILL_BOOK</setSpec><setSpec>uge_acar_RapidILL_BOOK</setSpec></header><metadata>
<record xmlns="http://www.loc.gov/MARC21/slim" xmlns:xsi="http://www.w3.org/2001/XMLSchema-instance" xsi:schemaLocation="http://www.loc.gov/MARC21/slim http://www.loc.gov/standards/marcxml/schema/MARC21slim.xsd"><leader>02265nam a2200505 c 4500</leader><controlfield tag="001">991000037219705502</controlfield><controlfield tag="005">20230116201238.0</controlfield><controlfield tag="008">201011s2016    it       |||| 100 0 ita|d</controlfield><datafield ind1=" " ind2=" " tag="020"><subfield code="z">9788899541095</subfield><subfield code="q">ebook</subfield></datafield><datafield ind1=" " ind2=" " tag="020"><subfield code="a">9788899541088</subfield><subfield code="q">cartaceo</subfield></datafield><datafield ind1=" " ind2=" " tag="020"><subfield code="a">8899541086</subfield></datafield><datafield ind1=" " ind2=" " tag="035"><subfield code="a">(swissbib)211083844-41slsp_network</subfield></datafield><datafield ind1=" " ind2=" " tag="035"><subfield code="a">211083844</subfield><subfield code="9">ExL</subfield></datafield><datafield ind1=" " ind2=" " tag="035"><subfield code="a">(NEBIS)010656603EBI01</subfield></datafield><datafield ind1=" " ind2=" " tag="035"><subfield code="a">(RERO)R008419130-41slsp</subfield></datafield><datafield ind1=" " ind2=" " tag="035"><subfield code="a">(OCoLC)946878945</subfield></datafield><datafield ind1=" " ind2=" " tag="035"><subfield code="a">(EXLNZ-41SLSP_NETWORK)991153792589705501</subfield></datafield><datafield ind1=" " ind2=" " tag="040"><subfield code="a">C3L</subfield><subfield code="b">ger</subfield><subfield code="e">rda</subfield><subfield code="d">CH-ZuSLS</subfield></datafield><datafield ind1=" " ind2=" " tag="043"><subfield code="a">e-it---</subfield></datafield><datafield ind1=" " ind2="4" tag="050"><subfield code="a">PQ</subfield></datafield><datafield ind1=" " ind2="7" tag="072"><subfield code="a">it</subfield><subfield code="2">rero</subfield></datafield><datafield ind1="1" ind2="4" tag="082"><subfield code="a">791</subfield><subfield code="2">15</subfield></datafield><datafield ind1="1" ind2="4" tag="082"><subfield code="a">853</subfield><subfield code="2">14</subfield></datafield><datafield ind1="2" ind2=" " tag="111"><subfield code="a">Convegno internazionale Alberto Moravia e La Ciociara - letteratura, storia, cinema</subfield><subfield code="n">4.</subfield><subfield code="d">2014</subfield><subfield code="c">Fondi</subfield><subfield code="0">(DE-588)1103033875</subfield></datafield><datafield ind1="1" ind2="0" tag="245"><subfield code="a">Atti del Convegno Internazionale Alberto Moravia e La ciociara: letteratura, storia, cinema, IV</subfield><subfield code="b">Fondi, 9 maggio 2014</subfield><subfield code="c">introduzione e cura: Angelo Fàvaro</subfield></datafield><datafield ind1="1" ind2="8" tag="246"><subfield code="a">Alberto Moravia e La ciociara: letteratura, storia, cinema, IV</subfield></datafield><datafield ind1=" " ind2="1" tag="264"><subfield code="a">Avellino</subfield><subfield code="b">Edizioni Sinestesie</subfield><subfield code="c">[2016]</subfield></datafield><datafield ind1=" " ind2=" " tag="300"><subfield code="a">310 Seiten</subfield><subfield code="b">Illustrationen</subfield></datafield><datafield ind1=" " ind2=" " tag="336"><subfield code="b">txt</subfield><subfield code="2">rdacontent</subfield></datafield><datafield ind1=" " ind2=" " tag="337"><subfield code="b">n</subfield><subfield code="2">rdamedia</subfield></datafield><datafield ind1=" " ind2=" " tag="338"><subfield code="b">nc</subfield><subfield code="2">rdacarrier</subfield></datafield><datafield ind1="1" ind2=" " tag="490"><subfield code="a">Biblioteca di Sinestesie</subfield><subfield code="v">38</subfield></datafield><datafield ind1=" " ind2=" " tag="500"><subfield code="a">Alberto Moravia (1907-1990), pseud. of Alberto Pincherle</subfield></datafield><datafield ind1=" " ind2=" " tag="500"><subfield code="a">Proceedings of a conference held at the Palazzo Caetani, Fondi, Italy, May 9, 2014</subfield></datafield><datafield ind1="1" ind2="7" tag="600"><subfield code="a">Moravia, Alberto</subfield><subfield code="d">1907-1990</subfield><subfield code="t">&lt;&lt;La&gt;&gt; Ciociara</subfield><subfield code="0">(DE-588)4349561-8</subfield><subfield code="2">gnd</subfield></datafield><datafield ind1="1" ind2="7" tag="600"><subfield code="a">Moravia, Alberto</subfield><subfield code="d">1907-1990</subfield><subfield code="t">&lt;&lt;La &gt;&gt;ciociara</subfield><subfield code="0">(IDREF)033126844</subfield><subfield code="2">idref</subfield></datafield><datafield ind1=" " ind2="7" tag="655"><subfield code="a">Konferenzschrift</subfield><subfield code="z">2014</subfield><subfield code="y">Fondi</subfield><subfield code="2">gnd-content</subfield></datafield><datafield ind1=" " ind2="7" tag="655"><subfield code="a">Actes de congrès</subfield><subfield code="0">(IDREF)02886431X</subfield><subfield code="2">idref</subfield></datafield><datafield ind1="1" ind2=" " tag="700"><subfield code="a">Fàvaro, Angelo</subfield><subfield code="d">1967-</subfield><subfield code="0">(DE-588)1084808749</subfield><subfield code="e">Herausgeber</subfield><subfield code="4">edt</subfield><subfield code="6">880-02</subfield></datafield><datafield ind1="1" ind2=" " tag="880"><subfield code="6">700-02</subfield><subfield code="a">Fàvaro, Angelo</subfield><subfield code="0">(IDREF)172300541</subfield></datafield><datafield ind1="4" ind2=" " tag="856"><subfield code="3">Titelblatt und Inhaltsverzeichnis</subfield><subfield code="u">https://toc.library.ethz.ch/objects/pdf03/z01_978-88-99541-08-8_01.pdf</subfield><subfield code="q">pdf</subfield></datafield><datafield ind1=" " ind2="0" tag="830"><subfield code="a">Biblioteca di Sinestesie</subfield><subfield code="v">38</subfield><subfield code="w">(RERO)R005170595-41slsp</subfield></datafield><datafield ind1=" " ind2=" " tag="900"><subfield code="a">IDSZ2zbzmon201701f</subfield><subfield code="c">IDSZ2rein</subfield><subfield code="d">IDSZ2zbzswk201701b</subfield><subfield code="e">IDSZ2kara</subfield></datafield><datafield ind1=" " ind2=" " tag="900"><subfield code="a">REROnoselfmerge</subfield></datafield><datafield ind1=" " ind2=" " tag="910"><subfield code="a">OCoLC</subfield><subfield code="b">20160429</subfield><subfield code="c">Droits réservés</subfield></datafield><datafield ind1=" " ind2=" " tag="949"><subfield code="a">https://toc.library.ethz.ch/objects/pdf03/z01_978-88-99541-08-8_01.pdf</subfield></datafield><datafield ind1=" " ind2=" " tag="993"><subfield code="a">BFLA 273086</subfield><subfield code="x">ge/ulit/a/16/457</subfield><subfield code="9">LOCAL</subfield></datafield></record>
</metadata></record>