<record><header><identifier>oai:alma.41SLSP_UGE:991000037849705502</identifier><datestamp>2024-05-25T00:23:09Z</datestamp><setSpec>uge_bcen_RapidILL_BOOK</setSpec><setSpec>uge_aaca_RapidILL_BOOK</setSpec><setSpec>uge_abels_RapidILL_BOOK</setSpec><setSpec>uge_dbu_RapidILL_BOOK</setSpec><setSpec>uge_cmu_RapidILL_BOOK</setSpec><setSpec>uge_mail_RapidILL_BOOK</setSpec><setSpec>uge_abbat_RapidILL_BOOK</setSpec><setSpec>UNIGE_ALL</setSpec><setSpec>uge_acar_RapidILL_BOOK</setSpec><setSpec>uge_aobs_RapidILL_BOOK</setSpec></header><metadata>
<record xmlns="http://www.loc.gov/MARC21/slim" xmlns:xsi="http://www.w3.org/2001/XMLSchema-instance" xsi:schemaLocation="http://www.loc.gov/MARC21/slim http://www.loc.gov/standards/marcxml/schema/MARC21slim.xsd"><leader>06973nam a2201033 c 4500</leader><controlfield tag="001">991000037849705502</controlfield><controlfield tag="005">20240410142934.0</controlfield><controlfield tag="008">201011s2018    xxk           000 0 eng d</controlfield><datafield ind1=" " ind2=" " tag="020"><subfield code="z">978</subfield><subfield code="q">1 78536 566 9</subfield><subfield code="q">eBook</subfield></datafield><datafield ind1=" " ind2=" " tag="020"><subfield code="a">1785365657</subfield><subfield code="q">cased</subfield></datafield><datafield ind1=" " ind2=" " tag="020"><subfield code="z">9781785365669</subfield><subfield code="q">online</subfield></datafield><datafield ind1=" " ind2=" " tag="020"><subfield code="a">9781785365652</subfield><subfield code="q">cased</subfield><subfield code="c">GBP 184.50</subfield></datafield><datafield ind1=" " ind2=" " tag="035"><subfield code="a">(swissbib)226253074-41slsp_network</subfield></datafield><datafield ind1=" " ind2=" " tag="035"><subfield code="a">226253074</subfield><subfield code="9">ExL</subfield></datafield><datafield ind1=" " ind2=" " tag="035"><subfield code="a">(IDSSG)001003743HSB01</subfield></datafield><datafield ind1=" " ind2=" " tag="035"><subfield code="a">(IDSBB)006857443DSV01</subfield></datafield><datafield ind1=" " ind2=" " tag="035"><subfield code="a">(RERO)R008806919-41slsp</subfield></datafield><datafield ind1=" " ind2=" " tag="035"><subfield code="a">(IDSLU)001318729ILU01</subfield></datafield><datafield ind1=" " ind2=" " tag="035"><subfield code="a">(NEBIS)011174008EBI01</subfield></datafield><datafield ind1=" " ind2=" " tag="035"><subfield code="a">(OCoLC)1050695100</subfield></datafield><datafield ind1=" " ind2=" " tag="035"><subfield code="a">(OCoLC)1028977795</subfield><subfield code="z">(OCoLC)987039299</subfield></datafield><datafield ind1=" " ind2=" " tag="035"><subfield code="a">(EXLNZ-41SLSP_NETWORK)991109952449705501</subfield></datafield><datafield ind1=" " ind2=" " tag="040"><subfield code="a">NLGGC</subfield><subfield code="b">eng</subfield><subfield code="e">rda</subfield><subfield code="d">CH-ZuSLS</subfield></datafield><datafield ind1=" " ind2="7" tag="072"><subfield code="a">dr</subfield><subfield code="2">rero</subfield></datafield><datafield ind1=" " ind2="7" tag="072"><subfield code="a">822</subfield><subfield code="2">IDS LU</subfield></datafield><datafield ind1="0" ind2="4" tag="082"><subfield code="a">344.046</subfield></datafield><datafield ind1="1" ind2="4" tag="082"><subfield code="a">340</subfield><subfield code="2">15</subfield></datafield><datafield ind1=" " ind2=" " tag="084"><subfield code="a">PR 2359</subfield><subfield code="2">rvk</subfield></datafield><datafield ind1=" " ind2=" " tag="084"><subfield code="a">A 59.1 g</subfield><subfield code="2">cjurrom</subfield></datafield><datafield ind1=" " ind2=" " tag="084"><subfield code="a">D 25.1 g</subfield><subfield code="2">cjurrom</subfield></datafield><datafield ind1="0" ind2="0" tag="245"><subfield code="a">Principles of environmental law</subfield><subfield code="c">edited by Ludwig Krämer (Derecho y Medio Ambiente S.L., Spain), Emanuela Orlando (Lecturer in Environmental Law, Sussex Law School, University of Sussex, UK)</subfield></datafield><datafield ind1=" " ind2="1" tag="264"><subfield code="a">Cheltenham, UK</subfield><subfield code="b">Edward Elgar</subfield><subfield code="c">2018</subfield></datafield><datafield ind1=" " ind2=" " tag="300"><subfield code="a">xxiii, 743 Seiten</subfield><subfield code="b">Illustrationen</subfield></datafield><datafield ind1=" " ind2=" " tag="336"><subfield code="b">txt</subfield><subfield code="2">rdacontent</subfield></datafield><datafield ind1=" " ind2=" " tag="337"><subfield code="b">n</subfield><subfield code="2">rdamedia</subfield></datafield><datafield ind1=" " ind2=" " tag="338"><subfield code="b">nc</subfield><subfield code="2">rdacarrier</subfield></datafield><datafield ind1="1" ind2=" " tag="490"><subfield code="a">Elgar encyclopedia of environmental law</subfield><subfield code="v">6</subfield></datafield><datafield ind1="2" ind2="7" tag="610"><subfield code="a">Union européenne</subfield><subfield code="0">(IDREF)032486324</subfield><subfield code="2">idref</subfield></datafield><datafield ind1=" " ind2="7" tag="650"><subfield code="a">Völkerrecht</subfield><subfield code="0">(DE-588)4063693-8</subfield><subfield code="2">gnd</subfield></datafield><datafield ind1=" " ind2="7" tag="650"><subfield code="a">Rechtsvergleich</subfield><subfield code="0">(DE-588)4115712-6</subfield><subfield code="2">gnd</subfield></datafield><datafield ind1=" " ind2="0" tag="650"><subfield code="a">Environmental law</subfield></datafield><datafield ind1=" " ind2="7" tag="650"><subfield code="a">Environmental law</subfield><subfield code="2">fast</subfield></datafield><datafield ind1=" " ind2="7" tag="650"><subfield code="a">Droit</subfield><subfield code="0">(IDREF)027466868</subfield><subfield code="2">idref</subfield></datafield><datafield ind1=" " ind2="7" tag="650"><subfield code="a">Environnement</subfield><subfield code="0">(IDREF)027772616</subfield><subfield code="2">idref</subfield></datafield><datafield ind1=" " ind2="7" tag="650"><subfield code="a">Ressources renouvelables</subfield><subfield code="0">(IDREF)027464938</subfield><subfield code="2">idref</subfield></datafield><datafield ind1=" " ind2="7" tag="650"><subfield code="a">Gestion des ressources naturelles</subfield><subfield code="0">(IDREF)031744702</subfield><subfield code="2">idref</subfield></datafield><datafield ind1=" " ind2="7" tag="650"><subfield code="a">Principes généraux du droit</subfield><subfield code="0">(IDREF)035669322</subfield><subfield code="2">idref</subfield></datafield><datafield ind1=" " ind2="7" tag="650"><subfield code="a">Principe de précaution</subfield><subfield code="0">(IDREF)05256195X</subfield><subfield code="2">idref</subfield></datafield><datafield ind1=" " ind2="7" tag="650"><subfield code="a">Prévention</subfield><subfield code="0">(IDREF)02724525X</subfield><subfield code="2">idref</subfield></datafield><datafield ind1=" " ind2="7" tag="650"><subfield code="a">Coopération internationale</subfield><subfield code="0">(IDREF)027463710</subfield><subfield code="2">idref</subfield></datafield><datafield ind1=" " ind2="7" tag="650"><subfield code="a">Droit international</subfield><subfield code="0">(IDREF)050627597</subfield><subfield code="2">idref</subfield></datafield><datafield ind1=" " ind2="7" tag="650"><subfield code="a">Tribunaux internationaux</subfield><subfield code="0">(IDREF)028009746</subfield><subfield code="2">idref</subfield></datafield><datafield ind1=" " ind2="7" tag="650"><subfield code="a">Compétence territoriale</subfield><subfield code="0">(IDREF)027890384</subfield><subfield code="2">idref</subfield></datafield><datafield ind1=" " ind2="7" tag="650"><subfield code="a">Souveraineté</subfield><subfield code="0">(IDREF)05061584X</subfield><subfield code="2">idref</subfield></datafield><datafield ind1=" " ind2="7" tag="650"><subfield code="a">Responsabilité pour dommages à l'environnement</subfield><subfield code="0">(IDREF)027360601</subfield><subfield code="2">idref</subfield></datafield><datafield ind1=" " ind2="7" tag="650"><subfield code="a">Gouvernance</subfield><subfield code="0">(IDREF)077318625</subfield><subfield code="2">idref</subfield></datafield><datafield ind1=" " ind2="7" tag="650"><subfield code="a">Environnement</subfield><subfield code="x">Études d'impact</subfield><subfield code="0">(IDREF)027495698</subfield><subfield code="2">idref</subfield></datafield><datafield ind1=" " ind2="7" tag="650"><subfield code="a">Liberté d'information</subfield><subfield code="0">(IDREF)027615901</subfield><subfield code="2">idref</subfield></datafield><datafield ind1=" " ind2="7" tag="650"><subfield code="a">Droit comparé</subfield><subfield code="0">(IDREF)027741451</subfield><subfield code="2">idref</subfield></datafield><datafield ind1=" " ind2="7" tag="650"><subfield code="a">Umweltschutz</subfield><subfield code="0">(DE-588)4061644-7</subfield><subfield code="2">gnd</subfield></datafield><datafield ind1=" " ind2="7" tag="650"><subfield code="a">Rechtsprinzip</subfield><subfield code="0">(DE-588)4177256-8</subfield><subfield code="2">gnd</subfield></datafield><datafield ind1=" " ind2="7" tag="650"><subfield code="a">Internationales Umweltrecht</subfield><subfield code="0">(DE-588)4027453-6</subfield><subfield code="2">gnd</subfield></datafield><datafield ind1=" " ind2="7" tag="650"><subfield code="a">Umweltrecht</subfield><subfield code="0">(DE-588)4061643-5</subfield><subfield code="2">gnd</subfield></datafield><datafield ind1=" " ind2="7" tag="651"><subfield code="a">États-Unis</subfield><subfield code="0">(IDREF)027225488</subfield><subfield code="2">idref</subfield></datafield><datafield ind1=" " ind2="7" tag="651"><subfield code="a">Canada</subfield><subfield code="0">(IDREF)027250679</subfield><subfield code="2">idref</subfield></datafield><datafield ind1=" " ind2="7" tag="651"><subfield code="a">Chine</subfield><subfield code="0">(IDREF)027633179</subfield><subfield code="2">idref</subfield></datafield><datafield ind1=" " ind2="7" tag="651"><subfield code="a">Russie</subfield><subfield code="0">(IDREF)027342395</subfield><subfield code="2">idref</subfield></datafield><datafield ind1=" " ind2="7" tag="651"><subfield code="a">Asie</subfield><subfield code="0">(IDREF)027801101</subfield><subfield code="2">idref</subfield></datafield><datafield ind1=" " ind2="7" tag="651"><subfield code="a">Australie</subfield><subfield code="0">(IDREF)027220443</subfield><subfield code="2">idref</subfield></datafield><datafield ind1=" " ind2="7" tag="651"><subfield code="a">Afrique</subfield><subfield code="0">(IDREF)027218546</subfield><subfield code="2">idref</subfield></datafield><datafield ind1=" " ind2="7" tag="655"><subfield code="a">[Études diverses]</subfield><subfield code="0">(RERO)A022249905</subfield><subfield code="2">rero</subfield></datafield><datafield ind1=" " ind2="7" tag="655"><subfield code="a">Aufsatzsammlung</subfield><subfield code="2">gnd-content</subfield></datafield><datafield ind1=" " ind2=" " tag="690"><subfield code="a">Umweltrecht; Vorsorgeprinzip; Verursacherprinzip; Sanktion; Souveränität; Abkommen; Umweltverträglichkeit; Investitionsrecht; Menschenrechte; europäischer Gerichtshof; Justiz; Regel; Orlando</subfield><subfield code="2">idssg-J</subfield></datafield><datafield ind1=" " ind2=" " tag="690"><subfield code="a">Umweltgrundsatz; Umweltprinzip; Biodiversitätsabkommen; Klimaschutzrecht; Klimaschutzvertrag; Quellenprinzip; Süßwasserabkommen; Einverständniserklärung; Handelsbeziehung; Nichtrückentwicklung; Produzentenverantwortung; Regierungsführung; Umweltverträglichkeitsprüfung; Nordsüdkontext; Vorteilsausgleich; Umweltstreitigkeit</subfield><subfield code="2">idssg-J</subfield></datafield><datafield ind1=" " ind2=" " tag="690"><subfield code="a">gemeinsame Verantwortlichkeit; gerechter Vorteilsausgleich; allgemeiner Grundsatz; allgemeines Konzept; differenzierte Verantwortlichkeit; entwickelnde Praxis; erweiterte Produzentenverantwortung; gemeinsames Anliegen; gemeinsames Erbe; geografische Differenzierung; gerechter Vorteilsausgleich; grenzüberschreitender Umweltschaden; hochwertige Umwelt; internationaler Gerichtshof; internationales Investitionsrecht; internationales Klimaschutzrecht; internationale Kooperation; internationale Praxis; internationale Umwelt; künftige Generation; multilaterale Entwicklungsbank; nachhaltige Entwicklung; nachhaltige Nutzung; nachhaltige Produktion; nachhaltiger Verbrauch; natürliche Ressource; russisches Umweltrecht; umweltpolitische Entscheidung; vereinigtes Königreich; vorherige Einverständniserklärung; ökologische Proportionalität</subfield><subfield code="2">idssg-J</subfield></datafield><datafield ind1=" " ind2=" " tag="690"><subfield code="a">Florida C1USA; Großbritannien C4EUUK[0]; Vereinigte Staaten C1USA; China C9CHIN; Asien C90ASI; Australien C8AUST; Afrika C60AFR; Spanien C4EUSP; Jamaika C5JAMA</subfield><subfield code="2">idssg-J</subfield></datafield><datafield ind1=" " ind2=" " tag="690"><subfield code="a">Alexander Proelss; Alexandra Aragao; Alla Rohricht; Attila Panovics; Australien Rob Fowler; Ben Milligan; Catherine Redgwell; Charles Malcomb; Cheltenham Großbritannien Northampton; China Yuhong Zhao; Daniel Spitzer; David Ong; Elisa Morgera; Elsa Tsioumani; Errol Meidinger; erweitert Produzentenverantwortung Carl Dalhammar; Gerd Winter; Gerhard Roller; Gunther Handl; Hennie Strydom; Isabelle Michellet; Jan Darpo; Jonathan Wiener; Julian Schenten; Kati Kulovesi; L1 L1 Edward Elgar; Lavanya Rajamani vii; Law School University of; Leslie Anne Duvic; Ludwig Krämer Derecho; Marco Gestri; Mariachiara Alberton; Marjan; Martin Fiihr; Martin Hedemann; Massimiliano Montini; Medio Ambiente Spanien Emanuela Orlando; Menschheit Prue Taylor; Michael Ruhm; Michel Prieur; Moritz Reese; Neil Craik; Ole Pedersen; Olga Dubovik; Priscilla Schwartz; Prävention Leslie Anne Duvic Paoli; Quelle Quellenprinzip Ludwig Kramer; Richard Macrory; Robert Kibugi; Robinson; Sadeleer</subfield><subfield code="2">idssg-J</subfield></datafield><datafield ind1=" " ind2=" " tag="691"><subfield code="e">PD 25</subfield><subfield code="2">rzs-L1</subfield></datafield><datafield ind1=" " ind2=" " tag="691"><subfield code="e">PC 59</subfield><subfield code="2">rzs-L1</subfield></datafield><datafield ind1="1" ind2=" " tag="700"><subfield code="a">Orlando, Emanuela</subfield><subfield code="0">(DE-588)1067614230</subfield><subfield code="e">Herausgeber</subfield><subfield code="4">edt</subfield></datafield><datafield ind1="1" ind2=" " tag="700"><subfield code="a">Krämer, Ludwig</subfield><subfield code="d">1939-</subfield><subfield code="0">(DE-588)128803118</subfield><subfield code="e">Herausgeber</subfield><subfield code="4">edt</subfield><subfield code="6">880-03</subfield></datafield><datafield ind1="1" ind2=" " tag="880"><subfield code="6">700-03</subfield><subfield code="a">Krämer, Ludwig</subfield><subfield code="d">1939-....</subfield><subfield code="0">(IDREF)034502793</subfield></datafield><datafield ind1="4" ind2=" " tag="856"><subfield code="3">Titelblatt und Inhaltsverzeichnis</subfield><subfield code="u">https://toc.library.ethz.ch/objects/pdf03/z01_978-1-78536-565-2_01.pdf</subfield><subfield code="q">pdf</subfield></datafield><datafield ind1=" " ind2=" " tag="830"><subfield code="a">Elgar encyclopedia of environmental law</subfield><subfield code="v">6</subfield><subfield code="w">(IDSBB)006659410DSV01</subfield></datafield><datafield ind1=" " ind2=" " tag="830"><subfield code="a">Elgar encyclopedia of environmental law</subfield><subfield code="v">6</subfield><subfield code="w">(RERO)R008485824-41slsp</subfield></datafield><datafield ind1=" " ind2=" " tag="900"><subfield code="a">IDSDSStoppsignal FRED</subfield></datafield><datafield ind1=" " ind2=" " tag="900"><subfield code="a">REROnoselfmerge</subfield></datafield><datafield ind1=" " ind2=" " tag="900"><subfield code="a">IDSZ2zbzmon201809f</subfield><subfield code="c">IDSZ2rein</subfield><subfield code="d">IDSZ2zbzswk201810g</subfield><subfield code="e">IDSZ2bruu</subfield></datafield><datafield ind1=" " ind2=" " tag="910"><subfield code="a">OCoLC</subfield><subfield code="b">20180611</subfield><subfield code="c">Réutilisation sous conditions: Licence ODC-BY</subfield></datafield><datafield ind1=" " ind2=" " tag="949"><subfield code="a">https://toc.library.ethz.ch/objects/pdf03/z01_978-1-78536-565-2_01.pdf</subfield></datafield></record>
</metadata></record>