<record><header><identifier>oai:alma.41SLSP_UGE:991000041199705502</identifier><datestamp>2023-03-16T01:09:17Z</datestamp><setSpec>uge_bcen_RapidILL_BOOK</setSpec><setSpec>uge_aaca_RapidILL_BOOK</setSpec><setSpec>uge_abels_RapidILL_BOOK</setSpec><setSpec>uge_dbu_RapidILL_BOOK</setSpec><setSpec>uge_cmu_RapidILL_BOOK</setSpec><setSpec>uge_mail_RapidILL_BOOK</setSpec><setSpec>uge_abbat_RapidILL_BOOK</setSpec><setSpec>UNIGE_ALL</setSpec><setSpec>uge_aobs_RapidILL_BOOK</setSpec><setSpec>uge_acar_RapidILL_BOOK</setSpec></header><metadata>
<record xmlns="http://www.loc.gov/MARC21/slim" xmlns:xsi="http://www.w3.org/2001/XMLSchema-instance" xsi:schemaLocation="http://www.loc.gov/MARC21/slim http://www.loc.gov/standards/marcxml/schema/MARC21slim.xsd"><leader>01653nam a2200361 c 4500</leader><controlfield tag="001">991000041199705502</controlfield><controlfield tag="005">20230315210346.0</controlfield><controlfield tag="008">201011s1967    sz ||||| |||| 10| ||eng d</controlfield><datafield ind1=" " ind2=" " tag="035"><subfield code="a">(swissbib)215803191-41slsp_network</subfield></datafield><datafield ind1=" " ind2=" " tag="035"><subfield code="a">215803191</subfield><subfield code="9">ExL</subfield></datafield><datafield ind1=" " ind2=" " tag="035"><subfield code="a">(RERO)R003947363-41slsp</subfield></datafield><datafield ind1=" " ind2=" " tag="035"><subfield code="a">(NEBIS)005101283EBI01</subfield></datafield><datafield ind1=" " ind2=" " tag="035"><subfield code="a">(EXLNZ-41SLSP_NETWORK)991030747569705501</subfield></datafield><datafield ind1=" " ind2=" " tag="040"><subfield code="a">RERO geufpe</subfield><subfield code="d">CH-ZuSLS</subfield></datafield><datafield ind1=" " ind2=" " tag="044"><subfield code="a">sz</subfield><subfield code="c">ch-ge</subfield></datafield><datafield ind1=" " ind2="7" tag="072"><subfield code="a">pe</subfield><subfield code="2">rero</subfield></datafield><datafield ind1="0" ind2="0" tag="245"><subfield code="a">Health education in primary schools</subfield><subfield code="b">research in comparative education study... : XXXth session of the International Conference on Public Education, Geneva, 1967</subfield></datafield><datafield ind1=" " ind2="1" tag="264"><subfield code="a">Geneva</subfield><subfield code="b">International Bureau of Education</subfield><subfield code="a">Paris</subfield><subfield code="b">UNESCO</subfield><subfield code="c">1967</subfield></datafield><datafield ind1=" " ind2=" " tag="300"><subfield code="a">lxiii, 188 p.</subfield><subfield code="c">24 cm</subfield></datafield><datafield ind1=" " ind2=" " tag="336"><subfield code="b">txt</subfield><subfield code="2">rdacontent</subfield></datafield><datafield ind1=" " ind2=" " tag="337"><subfield code="b">n</subfield><subfield code="2">rdamedia</subfield></datafield><datafield ind1=" " ind2=" " tag="338"><subfield code="b">nc</subfield><subfield code="2">rdacarrier</subfield></datafield><datafield ind1="1" ind2=" " tag="490"><subfield code="a">International Conference on Public Education</subfield><subfield code="v">30</subfield></datafield><datafield ind1="1" ind2=" " tag="490"><subfield code="a">Publications of the International Bureau of Education</subfield><subfield code="v">no. 304</subfield></datafield><datafield ind1=" " ind2="7" tag="650"><subfield code="a">Éducation comparée</subfield><subfield code="0">(IDREF)027308979</subfield><subfield code="2">idref</subfield></datafield><datafield ind1=" " ind2="7" tag="650"><subfield code="a">Enseignement primaire</subfield><subfield code="0">(IDREF)027288757</subfield><subfield code="2">idref</subfield></datafield><datafield ind1=" " ind2="7" tag="650"><subfield code="a">Promotion de la santé</subfield><subfield code="0">(IDREF)028129407</subfield><subfield code="2">idref</subfield></datafield><datafield ind1=" " ind2="7" tag="655"><subfield code="a">Actes de congrès</subfield><subfield code="0">(IDREF)02886431X</subfield><subfield code="2">idref</subfield></datafield><datafield ind1=" " ind2="7" tag="655"><subfield code="a">Konferenzschrift</subfield><subfield code="z">Genève</subfield><subfield code="y">1967</subfield><subfield code="2">gnd-content</subfield></datafield><datafield ind1="2" ind2=" " tag="711"><subfield code="a">Conférence internationale de l'instruction publique</subfield><subfield code="n">30</subfield><subfield code="d">1967</subfield><subfield code="c">Genève</subfield><subfield code="0">(RERO)A012387301</subfield></datafield><datafield ind1=" " ind2=" " tag="830"><subfield code="a">Publications du Bureau international d'éducation</subfield><subfield code="v">304</subfield><subfield code="w">(RERO)0977378-41slsp</subfield></datafield><datafield ind1=" " ind2=" " tag="830"><subfield code="a">Publications du Bureau International d'Éducation</subfield><subfield code="v">304</subfield><subfield code="w">(NEBIS)000053182EBI01</subfield></datafield><datafield ind1=" " ind2=" " tag="830"><subfield code="a">International Conference on Public Education</subfield><subfield code="v">30</subfield><subfield code="w">(RERO)R003092578-41slsp</subfield></datafield><datafield ind1=" " ind2=" " tag="900"><subfield code="a">REROnoselfmerge</subfield></datafield></record>
</metadata></record>