<record><header><identifier>oai:alma.41SLSP_UGE:991000041719705502</identifier><datestamp>2023-03-01T01:09:11Z</datestamp><setSpec>uge_bcen_RapidILL_BOOK</setSpec><setSpec>uge_aaca_RapidILL_BOOK</setSpec><setSpec>uge_abels_RapidILL_BOOK</setSpec><setSpec>uge_dbu_RapidILL_BOOK</setSpec><setSpec>uge_cmu_RapidILL_BOOK</setSpec><setSpec>uge_mail_RapidILL_BOOK</setSpec><setSpec>UNIGE_ALL</setSpec><setSpec>uge_abbat_RapidILL_BOOK</setSpec><setSpec>uge_aobs_RapidILL_BOOK</setSpec><setSpec>uge_acar_RapidILL_BOOK</setSpec></header><metadata>
<record xmlns="http://www.loc.gov/MARC21/slim" xmlns:xsi="http://www.w3.org/2001/XMLSchema-instance" xsi:schemaLocation="http://www.loc.gov/MARC21/slim http://www.loc.gov/standards/marcxml/schema/MARC21slim.xsd"><leader>01297nam a2200349 c 4500</leader><controlfield tag="001">991000041719705502</controlfield><controlfield tag="005">20201230210251.0</controlfield><controlfield tag="008">201011s1989    sp ||||| |||| 00| ||spa d</controlfield><datafield ind1=" " ind2=" " tag="020"><subfield code="a">8477230544</subfield></datafield><datafield ind1=" " ind2=" " tag="035"><subfield code="a">(swissbib)225145561-41slsp_network</subfield></datafield><datafield ind1=" " ind2=" " tag="035"><subfield code="a">225145561</subfield><subfield code="9">ExL</subfield></datafield><datafield ind1=" " ind2=" " tag="035"><subfield code="a">(RERO)1278164-41slsp</subfield></datafield><datafield ind1=" " ind2=" " tag="035"><subfield code="a">(NEBIS)008867622EBI01</subfield></datafield><datafield ind1=" " ind2=" " tag="035"><subfield code="a">(EXLNZ-41SLSP_NETWORK)991008626619705501</subfield></datafield><datafield ind1=" " ind2=" " tag="040"><subfield code="a">RERO labcud</subfield><subfield code="d">CH-ZuSLS</subfield></datafield><datafield ind1=" " ind2="7" tag="072"><subfield code="a">es</subfield><subfield code="2">rero</subfield></datafield><datafield ind1="1" ind2=" " tag="100"><subfield code="6">880-01</subfield><subfield code="a">Fernández de Moratín, Nicolás</subfield><subfield code="d">1737-1780</subfield><subfield code="0">(IDREF)085869422</subfield><subfield code="4">cre</subfield></datafield><datafield ind1="1" ind2=" " tag="880"><subfield code="a">Fernández de Moratín, Nicolás</subfield><subfield code="d">1737-1780</subfield><subfield code="0">(DE-588)12360799X</subfield><subfield code="6">100-01</subfield></datafield><datafield ind1="1" ind2="0" tag="245"><subfield code="a">&lt;&lt;La&gt;&gt; petimetra</subfield><subfield code="c">Nicolás Fernández de Moratín ; ed., introd. y notas de Jesús Cañas Murillo</subfield></datafield><datafield ind1=" " ind2="1" tag="264"><subfield code="a">[Badajoz]</subfield><subfield code="b">[Caceres]</subfield><subfield code="b">Univ. de Extremadura</subfield><subfield code="c">1989</subfield></datafield><datafield ind1=" " ind2=" " tag="300"><subfield code="a">203 p.</subfield><subfield code="c">19 cm</subfield></datafield><datafield ind1=" " ind2=" " tag="336"><subfield code="b">txt</subfield><subfield code="2">rdacontent</subfield></datafield><datafield ind1=" " ind2=" " tag="337"><subfield code="b">n</subfield><subfield code="2">rdamedia</subfield></datafield><datafield ind1=" " ind2=" " tag="338"><subfield code="b">nc</subfield><subfield code="2">rdacarrier</subfield></datafield><datafield ind1="1" ind2=" " tag="490"><subfield code="a">Textos unex</subfield><subfield code="v">3</subfield></datafield><datafield ind1=" " ind2="7" tag="648"><subfield code="a">Geschichte 1700-1800</subfield><subfield code="2">gnd</subfield></datafield><datafield ind1=" " ind2="7" tag="650"><subfield code="a">Spanisch</subfield><subfield code="x">Literatur</subfield><subfield code="2">gnd</subfield></datafield><datafield ind1=" " ind2="7" tag="650"><subfield code="a">Drama</subfield><subfield code="0">(DE-588)4012899-4</subfield><subfield code="2">gnd</subfield></datafield><datafield ind1="1" ind2=" " tag="700"><subfield code="a">Cañas Murillo, Jesús</subfield><subfield code="d">1951-</subfield><subfield code="0">(DE-588)1047981114</subfield><subfield code="6">880-02</subfield></datafield><datafield ind1="1" ind2=" " tag="880"><subfield code="6">700-02</subfield><subfield code="a">Cañas Murillo, Jesús, 1951-....</subfield><subfield code="0">(IDREF)030981158</subfield></datafield><datafield ind1=" " ind2=" " tag="830"><subfield code="a">Colección Textos Uex</subfield><subfield code="v">3</subfield><subfield code="w">(RERO)1278166-41slsp</subfield></datafield><datafield ind1=" " ind2=" " tag="900"><subfield code="a">REROnoselfmerge</subfield></datafield><datafield ind1=" " ind2=" " tag="900"><subfield code="f">IDSU2medea</subfield></datafield><datafield ind1=" " ind2=" " tag="993"><subfield code="a">BFLA 49018</subfield><subfield code="x">ge/ules/a/91/227</subfield><subfield code="9">LOCAL</subfield></datafield></record>
</metadata></record>