<record><header><identifier>oai:alma.41SLSP_UGE:991000041399705502</identifier><datestamp>2024-04-06T00:21:26Z</datestamp><setSpec>uge_bcen_RapidILL_BOOK</setSpec><setSpec>uge_aaca_RapidILL_BOOK</setSpec><setSpec>uge_abels_RapidILL_BOOK</setSpec><setSpec>uge_dbu_RapidILL_BOOK</setSpec><setSpec>uge_cmu_RapidILL_BOOK</setSpec><setSpec>uge_mail_RapidILL_BOOK</setSpec><setSpec>uge_abbat_RapidILL_BOOK</setSpec><setSpec>UNIGE_ALL</setSpec><setSpec>uge_acar_RapidILL_BOOK</setSpec><setSpec>uge_aobs_RapidILL_BOOK</setSpec></header><metadata>
<record xmlns="http://www.loc.gov/MARC21/slim" xmlns:xsi="http://www.w3.org/2001/XMLSchema-instance" xsi:schemaLocation="http://www.loc.gov/MARC21/slim http://www.loc.gov/standards/marcxml/schema/MARC21slim.xsd"><leader>01058nam a2200301 c 4500</leader><controlfield tag="001">991000041399705502</controlfield><controlfield tag="005">20201231133435.0</controlfield><controlfield tag="008">201012s1903    be ||||| |||| 00| ||fre d</controlfield><datafield ind1=" " ind2=" " tag="035"><subfield code="a">(swissbib)238344967-41slsp_network</subfield></datafield><datafield ind1=" " ind2=" " tag="035"><subfield code="a">238344967</subfield><subfield code="9">ExL</subfield></datafield><datafield ind1=" " ind2=" " tag="035"><subfield code="a">(RERO)1352030-41slsp</subfield></datafield><datafield ind1=" " ind2=" " tag="035"><subfield code="a">(IDSBB)003577762DSV01</subfield></datafield><datafield ind1=" " ind2=" " tag="035"><subfield code="a">(EXLNZ-41SLSP_NETWORK)991115869149705501</subfield></datafield><datafield ind1=" " ind2=" " tag="040"><subfield code="a">RERO lausst</subfield><subfield code="d">CH-ZuSLS</subfield></datafield><datafield ind1=" " ind2="7" tag="072"><subfield code="a">zo</subfield><subfield code="2">rero</subfield></datafield><datafield ind1="1" ind2=" " tag="100"><subfield code="a">Racovită, Emile G.</subfield><subfield code="0">(RERO)A000135267</subfield><subfield code="4">cre</subfield></datafield><datafield ind1="1" ind2="0" tag="245"><subfield code="a">Cétacés</subfield><subfield code="c">par Emile G. Racovitza</subfield></datafield><datafield ind1=" " ind2="1" tag="264"><subfield code="a">Anvers</subfield><subfield code="b">J.-E. Buschman</subfield><subfield code="c">1903</subfield></datafield><datafield ind1=" " ind2=" " tag="300"><subfield code="a">142 p., IV pl.</subfield><subfield code="b">ill.</subfield><subfield code="c">34 cm</subfield></datafield><datafield ind1=" " ind2=" " tag="336"><subfield code="b">txt</subfield><subfield code="2">rdacontent</subfield></datafield><datafield ind1=" " ind2=" " tag="337"><subfield code="b">n</subfield><subfield code="2">rdamedia</subfield></datafield><datafield ind1=" " ind2=" " tag="338"><subfield code="b">nc</subfield><subfield code="2">rdacarrier</subfield></datafield><datafield ind1="1" ind2=" " tag="490"><subfield code="a">Zoologie</subfield><subfield code="v">r. 9</subfield></datafield><datafield ind1="1" ind2=" " tag="490"><subfield code="a">Expédition antarctique belge</subfield><subfield code="v">vol. 6-9</subfield></datafield><datafield ind1="1" ind2=" " tag="700"><subfield code="a">Racoviţă, Emil</subfield><subfield code="d">1868-1947</subfield><subfield code="0">(DE-588)116332220</subfield></datafield><datafield ind1=" " ind2=" " tag="830"><subfield code="a">Botaniques et zoologie</subfield><subfield code="v">9</subfield><subfield code="w">(RERO)2107454-41slsp</subfield></datafield><datafield ind1=" " ind2=" " tag="830"><subfield code="a">Expédition antarctique belge</subfield><subfield code="v">6/9</subfield><subfield code="w">(IDSBB)000936709DSV01</subfield></datafield><datafield ind1=" " ind2=" " tag="830"><subfield code="a">Expédition antarctique belge</subfield><subfield code="v">6-9</subfield><subfield code="w">(RERO)1352000-41slsp</subfield></datafield><datafield ind1=" " ind2=" " tag="900"><subfield code="a">REROnoselfmerge</subfield></datafield></record>
</metadata></record>