<record><header><identifier>oai:alma.41SLSP_UGE:991000041819705502</identifier><datestamp>2023-04-17T00:12:38Z</datestamp><setSpec>uge_bcen_RapidILL_BOOK</setSpec><setSpec>uge_aaca_RapidILL_BOOK</setSpec><setSpec>uge_abels_RapidILL_BOOK</setSpec><setSpec>uge_dbu_RapidILL_BOOK</setSpec><setSpec>uge_cmu_RapidILL_BOOK</setSpec><setSpec>uge_mail_RapidILL_BOOK</setSpec><setSpec>uge_abbat_RapidILL_BOOK</setSpec><setSpec>UNIGE_ALL</setSpec><setSpec>uge_acar_RapidILL_BOOK</setSpec><setSpec>uge_aobs_RapidILL_BOOK</setSpec></header><metadata>
<record xmlns="http://www.loc.gov/MARC21/slim" xmlns:xsi="http://www.w3.org/2001/XMLSchema-instance" xsi:schemaLocation="http://www.loc.gov/MARC21/slim http://www.loc.gov/standards/marcxml/schema/MARC21slim.xsd"><leader>01646nam a2200397 c 4500</leader><controlfield tag="001">991000041819705502</controlfield><controlfield tag="005">20230416152301.0</controlfield><controlfield tag="008">201011s1990    it ||||| |||| 00| ||ita d</controlfield><datafield ind1=" " ind2=" " tag="020"><subfield code="a">8843531107</subfield></datafield><datafield ind1="7" ind2=" " tag="024"><subfield code="a">http://catalogue.bnf.fr/ark:/12148/cb354632279</subfield><subfield code="2">uri</subfield></datafield><datafield ind1=" " ind2=" " tag="035"><subfield code="a">(swissbib)222553901-41slsp_network</subfield></datafield><datafield ind1=" " ind2=" " tag="035"><subfield code="a">222553901</subfield><subfield code="9">ExL</subfield></datafield><datafield ind1=" " ind2=" " tag="035"><subfield code="a">(RERO)1510076-41slsp</subfield></datafield><datafield ind1=" " ind2=" " tag="035"><subfield code="a">(NEBIS)009491179EBI01</subfield></datafield><datafield ind1=" " ind2=" " tag="035"><subfield code="a">(EXLNZ-41SLSP_NETWORK)991100194839705501</subfield></datafield><datafield ind1=" " ind2=" " tag="040"><subfield code="a">RERO geulsa</subfield><subfield code="d">CH-ZuSLS</subfield></datafield><datafield ind1=" " ind2="7" tag="072"><subfield code="a">ar</subfield><subfield code="2">rero</subfield></datafield><datafield ind1="1" ind2=" " tag="100"><subfield code="a">Schippa, Ferruccio</subfield><subfield code="6">880-01</subfield></datafield><datafield ind1="1" ind2=" " tag="880"><subfield code="6">100-01</subfield><subfield code="a">Schippa, Ferruccio</subfield><subfield code="d">1944-....</subfield><subfield code="0">(IDREF)251213773</subfield></datafield><datafield ind1="1" ind2="0" tag="245"><subfield code="a">Museo Claudio Faina di Orvieto</subfield><subfield code="b">ceramica a vernice nera</subfield><subfield code="c">di Ferruccio Schippa ; curatela scientifica di Francesco Roncalli</subfield></datafield><datafield ind1=" " ind2="1" tag="264"><subfield code="a">Perugia</subfield><subfield code="b">Electa Editori Umbri Associati</subfield><subfield code="c">[1990]</subfield></datafield><datafield ind1=" " ind2="4" tag="264"><subfield code="c">© 1990</subfield></datafield><datafield ind1=" " ind2=" " tag="300"><subfield code="a">134 p.</subfield><subfield code="b">ill.</subfield><subfield code="c">28 cm</subfield></datafield><datafield ind1=" " ind2=" " tag="336"><subfield code="b">txt</subfield><subfield code="2">rdacontent</subfield></datafield><datafield ind1=" " ind2=" " tag="337"><subfield code="b">n</subfield><subfield code="2">rdamedia</subfield></datafield><datafield ind1=" " ind2=" " tag="338"><subfield code="b">nc</subfield><subfield code="2">rdacarrier</subfield></datafield><datafield ind1="1" ind2=" " tag="490"><subfield code="a">Catalogo regionale dei beni culturali dell'Umbria</subfield></datafield><datafield ind1="2" ind2="7" tag="610"><subfield code="a">Museo Claudio Faina (Orvieto)</subfield><subfield code="0">(RERO)A010011923</subfield><subfield code="2">rero</subfield></datafield><datafield ind1=" " ind2="7" tag="650"><subfield code="a">céramique grecque antique - style à figures noires</subfield><subfield code="0">(RERO)A010061933</subfield><subfield code="2">rerovoc</subfield></datafield><datafield ind1=" " ind2="7" tag="650"><subfield code="a">céramique étrusque - style à figures noires</subfield><subfield code="0">(RERO)A010061927</subfield><subfield code="2">rerovoc</subfield></datafield><datafield ind1=" " ind2="7" tag="650"><subfield code="a">Céramique à vernis noir</subfield><subfield code="0">(IDREF)031416004</subfield><subfield code="2">idref</subfield></datafield><datafield ind1=" " ind2="7" tag="655"><subfield code="a">Catalogues</subfield><subfield code="0">(IDREF)027793222</subfield><subfield code="2">idref</subfield></datafield><datafield ind1="1" ind2=" " tag="700"><subfield code="a">Roncalli, Francesco</subfield><subfield code="0">(RERO)A003758463</subfield></datafield><datafield ind1="2" ind2=" " tag="710"><subfield code="a">Museo Claudio Faina (Orvieto)</subfield><subfield code="0">(RERO)A012364021</subfield></datafield><datafield ind1=" " ind2=" " tag="830"><subfield code="a">Catalogo regionale dei beni culturali dell'Umbria</subfield><subfield code="w">(RERO)0983357-41slsp</subfield></datafield><datafield ind1=" " ind2=" " tag="900"><subfield code="a">REROnoselfmerge</subfield></datafield><datafield ind1=" " ind2=" " tag="900"><subfield code="a">IDSU2remark KS</subfield><subfield code="f">IDSU2medea</subfield></datafield></record>
</metadata></record>