<record><header><identifier>oai:alma.41SLSP_UGE:991000041089705502</identifier><datestamp>2023-03-01T01:09:11Z</datestamp><setSpec>uge_bcen_RapidILL_BOOK</setSpec><setSpec>uge_aaca_RapidILL_BOOK</setSpec><setSpec>uge_abels_RapidILL_BOOK</setSpec><setSpec>uge_dbu_RapidILL_BOOK</setSpec><setSpec>uge_cmu_RapidILL_BOOK</setSpec><setSpec>uge_mail_RapidILL_BOOK</setSpec><setSpec>UNIGE_ALL</setSpec><setSpec>uge_abbat_RapidILL_BOOK</setSpec><setSpec>uge_aobs_RapidILL_BOOK</setSpec><setSpec>uge_acar_RapidILL_BOOK</setSpec></header><metadata>
<record xmlns="http://www.loc.gov/MARC21/slim" xmlns:xsi="http://www.w3.org/2001/XMLSchema-instance" xsi:schemaLocation="http://www.loc.gov/MARC21/slim http://www.loc.gov/standards/marcxml/schema/MARC21slim.xsd"><leader>01248naa a2200277 c 4500</leader><controlfield tag="001">991000041089705502</controlfield><controlfield tag="005">20211126201014.0</controlfield><controlfield tag="008">950228s1994    ne ||||| |||| 00| ||eng d</controlfield><datafield ind1=" " ind2=" " tag="035"><subfield code="a">(swissbib)08970424X-41slsp_network</subfield></datafield><datafield ind1=" " ind2=" " tag="035"><subfield code="a">08970424X</subfield><subfield code="9">ExL</subfield></datafield><datafield ind1=" " ind2=" " tag="035"><subfield code="a">(RERO)1986385-41slsp</subfield></datafield><datafield ind1=" " ind2=" " tag="035"><subfield code="a">(EXLNZ-41SLSP_NETWORK)991008184839705501</subfield></datafield><datafield ind1=" " ind2=" " tag="040"><subfield code="a">RERO geussc</subfield><subfield code="d">CH-ZuSLS</subfield></datafield><datafield ind1=" " ind2="7" tag="072"><subfield code="a">ch</subfield><subfield code="2">rero</subfield></datafield><datafield ind1=" " ind2="7" tag="072"><subfield code="a">in</subfield><subfield code="2">rero</subfield></datafield><datafield ind1="0" ind2="0" tag="245"><subfield code="a">&lt;&lt;The&gt;&gt; challenge of visualizing microscopic molecular worlds in chemical education</subfield><subfield code="c">J. Weber... [et al.]</subfield></datafield><datafield ind1=" " ind2=" " tag="336"><subfield code="b">txt</subfield><subfield code="2">rdacontent</subfield></datafield><datafield ind1=" " ind2=" " tag="337"><subfield code="b">n</subfield><subfield code="2">rdamedia</subfield></datafield><datafield ind1=" " ind2=" " tag="338"><subfield code="b">nc</subfield><subfield code="2">rdacarrier</subfield></datafield><datafield ind1=" " ind2=" " tag="508"><subfield code="a">Autre(s) auteur(s): A. Deloff, O. Schwalm, P.-Y. Morgantini et P. Flükiger</subfield></datafield><datafield ind1=" " ind2=" " tag="580"><subfield code="a">In: University education uses of visualization in scientific computing. - Amsterdam : North-Holland, 1994. - P. 9-24</subfield></datafield><datafield ind1="1" ind2=" " tag="700"><subfield code="a">Weber, Jacques</subfield><subfield code="d">1940-2012</subfield><subfield code="0">(IDREF)256923108</subfield></datafield><datafield ind1="1" ind2=" " tag="700"><subfield code="a">Deloff, André</subfield><subfield code="0">(RERO)A003167331</subfield></datafield><datafield ind1="1" ind2=" " tag="700"><subfield code="a">Schwalm, Olivier</subfield><subfield code="0">(RERO)A003811429</subfield></datafield><datafield ind1="1" ind2=" " tag="700"><subfield code="a">Morgantini, Pierre-Yves</subfield><subfield code="0">(RERO)A003609661</subfield></datafield><datafield ind1="0" ind2=" " tag="773"><subfield code="t">University education uses of visualization in scientific computing : proceedings of IFIP WG3.2 Working Conference on Visualization in Scientific Computing, Irvine CA, 28-30 July 1993</subfield><subfield code="g">P. 9-24</subfield></datafield><datafield ind1=" " ind2=" " tag="900"><subfield code="a">REROnoselfmerge</subfield></datafield></record>
</metadata></record>