<record><header><identifier>oai:alma.41SLSP_UGE:991000041609705502</identifier><datestamp>2023-03-31T00:24:27Z</datestamp><setSpec>uge_bcen_RapidILL_BOOK</setSpec><setSpec>uge_aaca_RapidILL_BOOK</setSpec><setSpec>uge_abels_RapidILL_BOOK</setSpec><setSpec>uge_dbu_RapidILL_BOOK</setSpec><setSpec>uge_cmu_RapidILL_BOOK</setSpec><setSpec>uge_mail_RapidILL_BOOK</setSpec><setSpec>uge_abbat_RapidILL_BOOK</setSpec><setSpec>UNIGE_ALL</setSpec><setSpec>uge_aobs_RapidILL_BOOK</setSpec><setSpec>uge_acar_RapidILL_BOOK</setSpec></header><metadata>
<record xmlns="http://www.loc.gov/MARC21/slim" xmlns:xsi="http://www.w3.org/2001/XMLSchema-instance" xsi:schemaLocation="http://www.loc.gov/MARC21/slim http://www.loc.gov/standards/marcxml/schema/MARC21slim.xsd"><leader>01709nam a2200421 c 4500</leader><controlfield tag="001">991000041609705502</controlfield><controlfield tag="005">20230330190525.0</controlfield><controlfield tag="008">200727s2021    fr a          00| | fre d</controlfield><datafield ind1=" " ind2=" " tag="020"><subfield code="a">9782247197460</subfield></datafield><datafield ind1=" " ind2=" " tag="035"><subfield code="a">(swissbib)126634440-41slsp_network</subfield></datafield><datafield ind1=" " ind2=" " tag="035"><subfield code="a">126634440</subfield><subfield code="9">ExL</subfield></datafield><datafield ind1=" " ind2=" " tag="035"><subfield code="a">(RERO)R009063090-41slsp</subfield></datafield><datafield ind1=" " ind2=" " tag="035"><subfield code="a">(EXLNZ-41SLSP_NETWORK)991055365719705501</subfield></datafield><datafield ind1=" " ind2=" " tag="040"><subfield code="a">RERO geubfd</subfield><subfield code="b">fre</subfield><subfield code="e">rda</subfield><subfield code="d">CH-ZuSLS</subfield></datafield><datafield ind1=" " ind2="7" tag="072"><subfield code="a">dr</subfield><subfield code="2">rero</subfield></datafield><datafield ind1="7" ind2="4" tag="082"><subfield code="a">340</subfield><subfield code="2">23sdnb</subfield></datafield><datafield ind1="7" ind2="4" tag="082"><subfield code="a">020</subfield><subfield code="2">23sdnb</subfield></datafield><datafield ind1=" " ind2=" " tag="084"><subfield code="a">CA/F 8 g</subfield><subfield code="2">cjurrom</subfield></datafield><datafield ind1="1" ind2=" " tag="100"><subfield code="a">Cornu, Marie</subfield><subfield code="d">1958-....</subfield><subfield code="0">(IDREF)057110026</subfield><subfield code="4">aut</subfield></datafield><datafield ind1="1" ind2="0" tag="245"><subfield code="a">&lt;&lt;Le&gt;&gt; droit des bibliothèques</subfield><subfield code="b">règles et pratiques juridiques</subfield><subfield code="c">Marie Cornu, Mathilde Roellinger, Emilie Terrier, Noé Wagener ; avec les contributions de Jean-Sébastien Dupuit et Daniel Renoult</subfield></datafield><datafield ind1=" " ind2="1" tag="264"><subfield code="a">Paris</subfield><subfield code="b">Dalloz</subfield><subfield code="c">2021</subfield></datafield><datafield ind1=" " ind2=" " tag="300"><subfield code="a">X, 453 pages</subfield><subfield code="b">illustrations</subfield></datafield><datafield ind1=" " ind2=" " tag="336"><subfield code="b">txt</subfield><subfield code="2">rdacontent</subfield></datafield><datafield ind1=" " ind2=" " tag="337"><subfield code="b">n</subfield><subfield code="2">rdamedia</subfield></datafield><datafield ind1=" " ind2=" " tag="338"><subfield code="b">nc</subfield><subfield code="2">rdacarrier</subfield></datafield><datafield ind1="0" ind2=" " tag="490"><subfield code="a">Thèmes &amp; commentaires. Etudes</subfield></datafield><datafield ind1=" " ind2="7" tag="650"><subfield code="a">Bibliothéconomie</subfield><subfield code="0">(IDREF)027229408</subfield><subfield code="2">idref</subfield></datafield><datafield ind1=" " ind2="7" tag="650"><subfield code="a">Bibliothèques</subfield><subfield code="0">(IDREF)027229424</subfield><subfield code="2">idref</subfield></datafield><datafield ind1=" " ind2="7" tag="650"><subfield code="a">Règlements (droit administratif)</subfield><subfield code="0">(IDREF)028725972</subfield><subfield code="2">idref</subfield></datafield><datafield ind1=" " ind2="7" tag="650"><subfield code="a">Droit</subfield><subfield code="0">(IDREF)027466868</subfield><subfield code="2">idref</subfield></datafield><datafield ind1=" " ind2="7" tag="651"><subfield code="a">France</subfield><subfield code="0">(IDREF)027226794</subfield><subfield code="2">idref</subfield></datafield><datafield ind1=" " ind2="7" tag="655"><subfield code="a">Livre</subfield></datafield><datafield ind1="1" ind2=" " tag="700"><subfield code="a">Roellinger, Mathilde</subfield><subfield code="d">19..-....</subfield><subfield code="0">(IDREF)257473750</subfield><subfield code="4">aut</subfield></datafield><datafield ind1="1" ind2=" " tag="700"><subfield code="a">Terrier, Émilie</subfield><subfield code="c">juriste</subfield><subfield code="d">1986-....</subfield><subfield code="0">(IDREF)236150693</subfield><subfield code="4">aut</subfield></datafield><datafield ind1="1" ind2=" " tag="700"><subfield code="a">Wagener, Noé</subfield><subfield code="d">19..-....</subfield><subfield code="0">(IDREF)165614013</subfield><subfield code="4">aut</subfield></datafield><datafield ind1="1" ind2=" " tag="700"><subfield code="a">Dupuit, Jean-Sébastien</subfield><subfield code="d">1951-....</subfield><subfield code="0">(IDREF)033864276</subfield><subfield code="4">ctb</subfield></datafield><datafield ind1="1" ind2=" " tag="700"><subfield code="a">Renoult, Daniel</subfield><subfield code="d">1947-....</subfield><subfield code="0">(IDREF)031917453</subfield><subfield code="4">ctb</subfield></datafield><datafield ind1=" " ind2=" " tag="903"><subfield code="a">RERO-SIGN</subfield><subfield code="5">UNIGE/20220121/cyg</subfield></datafield><datafield ind1=" " ind2=" " tag="903"><subfield code="a">RERO-SIGN</subfield><subfield code="5">HESSO hegge/2021104/GN</subfield></datafield></record>
</metadata></record>