<record><header><identifier>oai:alma.41SLSP_UGE:991000041109705502</identifier><datestamp>2023-03-04T01:11:37Z</datestamp><setSpec>uge_bcen_RapidILL_BOOK</setSpec><setSpec>uge_aaca_RapidILL_BOOK</setSpec><setSpec>uge_abels_RapidILL_BOOK</setSpec><setSpec>uge_dbu_RapidILL_BOOK</setSpec><setSpec>uge_cmu_RapidILL_BOOK</setSpec><setSpec>uge_mail_RapidILL_BOOK</setSpec><setSpec>uge_abbat_RapidILL_BOOK</setSpec><setSpec>UNIGE_ALL</setSpec><setSpec>uge_aobs_RapidILL_BOOK</setSpec><setSpec>uge_acar_RapidILL_BOOK</setSpec></header><metadata>
<record xmlns="http://www.loc.gov/MARC21/slim" xmlns:xsi="http://www.w3.org/2001/XMLSchema-instance" xsi:schemaLocation="http://www.loc.gov/MARC21/slim http://www.loc.gov/standards/marcxml/schema/MARC21slim.xsd"><leader>01684nam a2200421 c 4500</leader><controlfield tag="001">991000041109705502</controlfield><controlfield tag="005">20230303215043.0</controlfield><controlfield tag="008">201012s1969    fr ||||| |||| 00| ||fre d</controlfield><datafield ind1=" " ind2=" " tag="035"><subfield code="a">(swissbib)239922778-41slsp_network</subfield></datafield><datafield ind1=" " ind2=" " tag="035"><subfield code="a">239922778</subfield><subfield code="9">ExL</subfield></datafield><datafield ind1=" " ind2=" " tag="035"><subfield code="a">(RERO)1857032-41slsp</subfield></datafield><datafield ind1=" " ind2=" " tag="035"><subfield code="a">(IDSBB)000507008DSV01</subfield></datafield><datafield ind1=" " ind2=" " tag="035"><subfield code="a">(NEBIS)010145227EBI01</subfield></datafield><datafield ind1=" " ind2=" " tag="035"><subfield code="a">(EXLNZ-41SLSP_NETWORK)991025687219705501</subfield></datafield><datafield ind1=" " ind2=" " tag="040"><subfield code="a">RERO neueth</subfield><subfield code="d">CH-ZuSLS</subfield></datafield><datafield ind1=" " ind2="7" tag="072"><subfield code="a">ar</subfield><subfield code="2">rero</subfield></datafield><datafield ind1=" " ind2="7" tag="072"><subfield code="a">et</subfield><subfield code="2">rero</subfield></datafield><datafield ind1=" " ind2="7" tag="072"><subfield code="a">af</subfield><subfield code="2">SzZuIDS BS/BE</subfield></datafield><datafield ind1=" " ind2="7" tag="072"><subfield code="a">ga</subfield><subfield code="2">SzZuIDS BS/BE</subfield></datafield><datafield ind1=" " ind2="7" tag="072"><subfield code="a">kh</subfield><subfield code="2">SzZuIDS BS/BE</subfield></datafield><datafield ind1="1" ind2="4" tag="082"><subfield code="a">900</subfield><subfield code="2">15</subfield></datafield><datafield ind1="1" ind2=" " tag="100"><subfield code="a">Poyto, Raphaël</subfield><subfield code="0">(RERO)A011676917</subfield><subfield code="4">cre</subfield></datafield><datafield ind1="1" ind2="0" tag="245"><subfield code="a">Corpus des peintures et gravures rupestres de la Grande Kabylie</subfield><subfield code="c">par R. Poyto et J.-C. Musso</subfield></datafield><datafield ind1=" " ind2="1" tag="264"><subfield code="a">Paris</subfield><subfield code="b">Arts et métiers graphiques</subfield><subfield code="c">1969</subfield></datafield><datafield ind1=" " ind2=" " tag="300"><subfield code="a">124 p.</subfield><subfield code="b">ill.</subfield><subfield code="c">28 cm</subfield></datafield><datafield ind1=" " ind2=" " tag="336"><subfield code="b">txt</subfield><subfield code="2">rdacontent</subfield></datafield><datafield ind1=" " ind2=" " tag="337"><subfield code="b">n</subfield><subfield code="2">rdamedia</subfield></datafield><datafield ind1=" " ind2=" " tag="338"><subfield code="b">nc</subfield><subfield code="2">rdacarrier</subfield></datafield><datafield ind1="1" ind2=" " tag="490"><subfield code="a">Mémoires du Centre de recherches anthropologiques, préhistoriques et ethnographiques</subfield><subfield code="v">11</subfield></datafield><datafield ind1=" " ind2="7" tag="650"><subfield code="a">Art pariétal</subfield><subfield code="0">(IDREF)027280543</subfield><subfield code="2">idref</subfield></datafield><datafield ind1=" " ind2="7" tag="651"><subfield code="a">Kabylie (Algérie)</subfield><subfield code="0">(IDREF)027484696</subfield><subfield code="2">idref</subfield></datafield><datafield ind1=" " ind2=" " tag="691"><subfield code="e">MV 6.c</subfield><subfield code="a">Kabyle. Specific data on the Kabyle nation of Berbers in coastal Algeria between Alger and Setif</subfield><subfield code="2">ubs-FH</subfield></datafield><datafield ind1="1" ind2=" " tag="700"><subfield code="a">Poyto, R.</subfield></datafield><datafield ind1="1" ind2=" " tag="700"><subfield code="a">Musso, J. C.</subfield></datafield><datafield ind1="1" ind2=" " tag="700"><subfield code="a">Musso, Jean-Claude</subfield><subfield code="d">1914-</subfield><subfield code="0">(IDREF)034332820</subfield></datafield><datafield ind1=" " ind2=" " tag="830"><subfield code="a">Mémoires du Centre de recherches anthropologiques, préhistoriques et ethnographiques</subfield><subfield code="v">11</subfield><subfield code="w">(IDSBB)000093918DSV01</subfield></datafield><datafield ind1=" " ind2=" " tag="830"><subfield code="a">Mémoires du Centre de Recherches Anthropologiques, Préhistoriques et Ethnographiques</subfield><subfield code="v">11</subfield><subfield code="w">(NEBIS)001043805EBI01</subfield></datafield><datafield ind1=" " ind2=" " tag="900"><subfield code="a">REROnoselfmerge</subfield></datafield><datafield ind1=" " ind2=" " tag="900"><subfield code="a">IDSERMedeaSNM</subfield></datafield></record>
</metadata></record>