<record><header><identifier>oai:alma.41SLSP_UGE:991000041309705502</identifier><datestamp>2024-04-05T00:24:28Z</datestamp><setSpec>uge_bcen_RapidILL_BOOK</setSpec><setSpec>uge_aaca_RapidILL_BOOK</setSpec><setSpec>uge_abels_RapidILL_BOOK</setSpec><setSpec>uge_dbu_RapidILL_BOOK</setSpec><setSpec>uge_cmu_RapidILL_BOOK</setSpec><setSpec>uge_mail_RapidILL_BOOK</setSpec><setSpec>uge_abbat_RapidILL_BOOK</setSpec><setSpec>UNIGE_ALL</setSpec><setSpec>uge_acar_RapidILL_BOOK</setSpec><setSpec>uge_aobs_RapidILL_BOOK</setSpec></header><metadata>
<record xmlns="http://www.loc.gov/MARC21/slim" xmlns:xsi="http://www.w3.org/2001/XMLSchema-instance" xsi:schemaLocation="http://www.loc.gov/MARC21/slim http://www.loc.gov/standards/marcxml/schema/MARC21slim.xsd"><leader>04415nam a2200565 c 4500</leader><controlfield tag="001">991000041309705502</controlfield><controlfield tag="005">20240404153727.0</controlfield><controlfield tag="008">201011s2000    gw ||||| |||| 00| ||ger d</controlfield><datafield ind1=" " ind2=" " tag="015"><subfield code="a">GFR-CIP-00,N23</subfield><subfield code="a">DNB-00,N23,0305</subfield></datafield><datafield ind1="7" ind2=" " tag="016"><subfield code="a">959008470</subfield><subfield code="2">GyFmDB</subfield></datafield><datafield ind1=" " ind2=" " tag="020"><subfield code="a">3406466621</subfield><subfield code="q">kart.</subfield><subfield code="c">ca. DM 58.00</subfield></datafield><datafield ind1=" " ind2=" " tag="035"><subfield code="a">(swissbib)228354773-41slsp_network</subfield></datafield><datafield ind1=" " ind2=" " tag="035"><subfield code="a">228354773</subfield><subfield code="9">ExL</subfield></datafield><datafield ind1=" " ind2=" " tag="035"><subfield code="a">(RERO)R277903660-41slsp</subfield></datafield><datafield ind1=" " ind2=" " tag="035"><subfield code="a">(IDSSG)000223708HSB01</subfield></datafield><datafield ind1=" " ind2=" " tag="035"><subfield code="a">(IDSLU)000244852ILU01</subfield></datafield><datafield ind1=" " ind2=" " tag="035"><subfield code="a">(NEBIS)004006598EBI01</subfield></datafield><datafield ind1=" " ind2=" " tag="035"><subfield code="a">(EXLNZ-41SLSP_NETWORK)991026236439705501</subfield></datafield><datafield ind1=" " ind2=" " tag="040"><subfield code="a">RERO geubfd</subfield><subfield code="d">CH-ZuSLS</subfield></datafield><datafield ind1=" " ind2="7" tag="072"><subfield code="a">dr</subfield><subfield code="2">rero</subfield></datafield><datafield ind1=" " ind2="7" tag="072"><subfield code="a">810</subfield><subfield code="2">IDS LU</subfield></datafield><datafield ind1="7" ind2="4" tag="082"><subfield code="a">340</subfield><subfield code="2">23sdnb</subfield></datafield><datafield ind1=" " ind2=" " tag="084"><subfield code="a">A 30.2 h</subfield><subfield code="2">cjurrom</subfield></datafield><datafield ind1="1" ind2=" " tag="100"><subfield code="a">Krebs, Markus</subfield><subfield code="0">(RERO)A006241587</subfield><subfield code="4">cre</subfield></datafield><datafield ind1="1" ind2="0" tag="245"><subfield code="a">&lt;&lt;Die&gt;&gt; Rückabwicklung im UN-Kaufrecht</subfield><subfield code="c">von Markus Krebs</subfield></datafield><datafield ind1=" " ind2="1" tag="264"><subfield code="a">München</subfield><subfield code="b">C.H. Beck</subfield><subfield code="c">2000</subfield></datafield><datafield ind1=" " ind2=" " tag="300"><subfield code="a">XII, 158 S.</subfield><subfield code="c">24 cm</subfield></datafield><datafield ind1=" " ind2=" " tag="336"><subfield code="b">txt</subfield><subfield code="2">rdacontent</subfield></datafield><datafield ind1=" " ind2=" " tag="337"><subfield code="b">n</subfield><subfield code="2">rdamedia</subfield></datafield><datafield ind1=" " ind2=" " tag="338"><subfield code="b">nc</subfield><subfield code="2">rdacarrier</subfield></datafield><datafield ind1="1" ind2=" " tag="490"><subfield code="a">Münchener Universitätsschriften. Reihe der Juristischen Fakultät</subfield><subfield code="v">Bd. 148</subfield></datafield><datafield ind1=" " ind2=" " tag="500"><subfield code="a">Buchhandelsausg. der Diss. München, 1999</subfield></datafield><datafield ind1=" " ind2=" " tag="500"><subfield code="a">Traité. 1980. Wien</subfield></datafield><datafield ind1=" " ind2=" " tag="502"><subfield code="a">Zugl.: München, Univ., Diss., 1999</subfield></datafield><datafield ind1="2" ind2="7" tag="611"><subfield code="a">Convention des Nations Unies sur les contrats de vente internationale de marchandises</subfield><subfield code="d">1980</subfield><subfield code="c">Vienne</subfield><subfield code="0">(RERO)A009979719</subfield><subfield code="2">rero</subfield></datafield><datafield ind1="0" ind2="7" tag="630"><subfield code="a">United Nations Convention on Contracts for the International Sale of Goods</subfield><subfield code="f">1980 April 11</subfield><subfield code="0">(DE-588)4124338-9</subfield><subfield code="2">gnd</subfield></datafield><datafield ind1="0" ind2="7" tag="630"><subfield code="a">UN-Kaufrechtsübereinkommen</subfield><subfield code="2">idszbz</subfield></datafield><datafield ind1=" " ind2="7" tag="650"><subfield code="a">droit uniforme</subfield><subfield code="0">(RERO)A010075897</subfield><subfield code="2">rerovoc</subfield></datafield><datafield ind1=" " ind2="7" tag="650"><subfield code="a">Vente internationale</subfield><subfield code="0">(IDREF)027736652</subfield><subfield code="2">idref</subfield></datafield><datafield ind1=" " ind2="7" tag="650"><subfield code="a">Rückabwicklung</subfield><subfield code="0">(DE-588)4178627-0</subfield><subfield code="2">gnd</subfield></datafield><datafield ind1=" " ind2="7" tag="650"><subfield code="a">Rückabwicklung</subfield><subfield code="2">idszbz</subfield></datafield><datafield ind1=" " ind2="7" tag="655"><subfield code="a">Hochschulschrift</subfield><subfield code="2">gnd-content</subfield></datafield><datafield ind1=" " ind2=" " tag="690"><subfield code="a">Veränderung; Vertrag; Schuldrecht; Lieferung; UN-kaufrecht; Haftfestigkeit; Leistung; Kunde; Verkauf; Einleitung; Rückvergütung; Verkaufspersonal; Verletzung; Bereicherung; Regelung; Untersuchung; Prinzip; Regel; Bindung; Eigenleistung; Ordnung; Störung; Verzinsung; Erfüllung; Ausgleich; Umsteuerung</subfield><subfield code="2">idssg-J</subfield></datafield><datafield ind1=" " ind2=" " tag="690"><subfield code="a">Vertragsaufhebung; Aufhebungsrecht; Aufhebungserklärung; Besserlieferung; Erfüllungsanspruch; Gefahrtragungsregelung; Kaufpreisrückzahlung; Mehrlieferung; Nacherfüllungsrecht; Parteivereinbarung; Aufhebungssperre; Gegenleistung; Gewinnhaftung; Restitutionsordnung; Vertragsverletzung; Ersatzlieferungsverlangen; Rückgabe; Vorteilsausgleich; Lieferpflichtverletzung; Aufrechnungsmöglichkeit; Sonderfall; Teilunmöglichkeit; Übermittlungsrisiko; Anwendungsbereich; Entstehungsmangel; Erfüllungsmangel; Ersatzware; Gattungssache; Gebrauchsvorteil; Herausgabepflicht; Inhaltsverzeichnis; Kaufsache; Leistungsort; Literaturverzeichnis; Nutzunge; Rechtsbehelfssystem; Rückgewähr; Rückgewährpflicht; Rücknahmepflicht; Rückzahlungspflicht; Sachverzeichnis; Wertersatz</subfield><subfield code="2">idssg-J</subfield></datafield><datafield ind1=" " ind2=" " tag="690"><subfield code="a">altes Problem; anderer Fall; bedingter Vertrag; eigene Leistung; eingeleitete Rückabwicklung; einheitliche Restitutionsordnung; einseitige Vertragsaufhebung; einvernehmliche Vertragsaufhebung; einzelner Rechtsbehelf; erbrachte Leistung; gestörte Rückabwicklung; gezogene Nutzunge; herausgebener Vorteil; hohe Zahlung; junges UN-Kaufrecht; luxuriöse Verwendung; maßgeblicher Zeitpunkt; notwendige Verwendung; nützliche Verwendung; rechtlicher Rahmen; rückwirkender Wegfall; sonstige Pflichtverletzung; spiegelbildliche Anwendung; ungestörte Rückabwicklung; unwesentliche Veränderung; vereinbartes Aufhebungsrecht; vertragliche Leistung; vorzeitige Zahlung; weitere Nutzunge; wesentliche Veränderung; übriger Fall</subfield><subfield code="2">idssg-J</subfield></datafield><datafield ind1=" " ind2=" " tag="690"><subfield code="a">Art I); Art II; B. Rückgewähr; B. Ursachen; Beck; C. Vorteilsausgleich; D. Einzelfragen; Dr. Markus Krebs; einseitig Vertragsaufhebung Ersatzlieferungsverlangen; UN-Kaufrecht Dr. Markus Krebs C. H</subfield><subfield code="2">idssg-J</subfield></datafield><datafield ind1=" " ind2=" " tag="691"><subfield code="e">PC 30.2</subfield><subfield code="2">rzs-L1</subfield></datafield><datafield ind1="4" ind2=" " tag="856"><subfield code="u">https://tools.unisg.ch/url/hm00020227</subfield><subfield code="z">Inhaltsverzeichnis</subfield></datafield><datafield ind1=" " ind2="0" tag="830"><subfield code="a">Münchener Universitätsschriften</subfield><subfield code="p">Reihe der Juristischen Fakultät</subfield><subfield code="v">148</subfield><subfield code="w">(NEBIS)000998658EBI01</subfield></datafield><datafield ind1=" " ind2=" " tag="900"><subfield code="a">IDSZ2rwimon200009p</subfield><subfield code="c">IDSZ2rosi 000920</subfield><subfield code="d">IDSZ2rwiswk200011b</subfield><subfield code="e">IDSZ2buec</subfield></datafield><datafield ind1=" " ind2=" " tag="949"><subfield code="a">https://tools.unisg.ch/url/hm00020227</subfield></datafield></record>
</metadata></record>