<record><header><identifier>oai:alma.41SLSP_UGE:991000041639705502</identifier><datestamp>2024-03-01T01:19:00Z</datestamp><setSpec>uge_bcen_RapidILL_BOOK</setSpec><setSpec>uge_aaca_RapidILL_BOOK</setSpec><setSpec>uge_abels_RapidILL_BOOK</setSpec><setSpec>uge_dbu_RapidILL_BOOK</setSpec><setSpec>uge_cmu_RapidILL_BOOK</setSpec><setSpec>uge_mail_RapidILL_BOOK</setSpec><setSpec>uge_abbat_RapidILL_BOOK</setSpec><setSpec>UNIGE_ALL</setSpec><setSpec>uge_acar_RapidILL_BOOK</setSpec><setSpec>uge_aobs_RapidILL_BOOK</setSpec></header><metadata>
<record xmlns="http://www.loc.gov/MARC21/slim" xmlns:xsi="http://www.w3.org/2001/XMLSchema-instance" xsi:schemaLocation="http://www.loc.gov/MARC21/slim http://www.loc.gov/standards/marcxml/schema/MARC21slim.xsd"><leader>03322nam a22008052c 4500</leader><controlfield tag="001">991000041639705502</controlfield><controlfield tag="005">20240229152933.0</controlfield><controlfield tag="008">201012s2007    gw ||||| |||| 00| ||eng d</controlfield><datafield ind1=" " ind2=" " tag="010"><subfield code="a">2007039621</subfield></datafield><datafield ind1=" " ind2=" " tag="020"><subfield code="a">3110195852</subfield><subfield code="c">Ln. EUR 98.00 (freier Pr.)</subfield></datafield><datafield ind1=" " ind2=" " tag="020"><subfield code="a">9783110195859</subfield><subfield code="c">Ln. EUR 98.00 (freier Pr.)</subfield></datafield><datafield ind1=" " ind2=" " tag="035"><subfield code="a">(swissbib)233339728-41slsp_network</subfield></datafield><datafield ind1=" " ind2=" " tag="035"><subfield code="a">233339728</subfield><subfield code="9">ExL</subfield></datafield><datafield ind1=" " ind2=" " tag="035"><subfield code="a">(RERO)R008759133-41slsp</subfield></datafield><datafield ind1=" " ind2=" " tag="035"><subfield code="a">(IDSBB)004406509DSV01</subfield></datafield><datafield ind1=" " ind2=" " tag="035"><subfield code="a">(NEBIS)005470498EBI01</subfield></datafield><datafield ind1=" " ind2=" " tag="035"><subfield code="a">(EXLNZ-41SLSP_NETWORK)991131723119705501</subfield></datafield><datafield ind1=" " ind2=" " tag="040"><subfield code="a">DE-603</subfield><subfield code="b">ger</subfield><subfield code="e">rakwb</subfield><subfield code="d">CH-ZuSLS</subfield></datafield><datafield ind1="0" ind2=" " tag="041"><subfield code="a">eng</subfield></datafield><datafield ind1=" " ind2=" " tag="050"><subfield code="a">P117</subfield><subfield code="b">.V47 2007</subfield></datafield><datafield ind1=" " ind2="7" tag="072"><subfield code="a">lg</subfield><subfield code="2">rero</subfield></datafield><datafield ind1=" " ind2="7" tag="072"><subfield code="a">as</subfield><subfield code="2">SzZuIDS BS/BE</subfield></datafield><datafield ind1="0" ind2="4" tag="082"><subfield code="8">1\x</subfield><subfield code="a">419</subfield><subfield code="q">DE-101</subfield><subfield code="2">22/ger</subfield></datafield><datafield ind1="0" ind2="4" tag="082"><subfield code="a">400</subfield></datafield><datafield ind1="1" ind2="4" tag="082"><subfield code="a">419</subfield><subfield code="2">21</subfield></datafield><datafield ind1=" " ind2=" " tag="084"><subfield code="a">ES 175</subfield><subfield code="2">rvk</subfield></datafield><datafield ind1="0" ind2="0" tag="245"><subfield code="a">Verbal and signed languages</subfield><subfield code="b">comparing structures, constructs and methodologies</subfield><subfield code="c">ed. by Elena Pizzuto ... [et al.]</subfield></datafield><datafield ind1=" " ind2="1" tag="264"><subfield code="a">Berlin</subfield><subfield code="a">New York [etc.]</subfield><subfield code="b">Mouton de Gruyter</subfield><subfield code="c">2007</subfield></datafield><datafield ind1=" " ind2=" " tag="300"><subfield code="a">X, 350 S.</subfield><subfield code="b">Ill., graph. Darst.</subfield></datafield><datafield ind1=" " ind2=" " tag="336"><subfield code="b">txt</subfield><subfield code="2">rdacontent</subfield></datafield><datafield ind1=" " ind2=" " tag="337"><subfield code="b">n</subfield><subfield code="2">rdamedia</subfield></datafield><datafield ind1=" " ind2=" " tag="338"><subfield code="b">nc</subfield><subfield code="2">rdacarrier</subfield></datafield><datafield ind1="1" ind2=" " tag="490"><subfield code="a">Empirical approaches to language typology</subfield><subfield code="v">36</subfield></datafield><datafield ind1=" " ind2=" " tag="504"><subfield code="a">Includes bibliographical references and index</subfield></datafield><datafield ind1=" " ind2="7" tag="650"><subfield code="a">Linguistique contrastive</subfield><subfield code="0">(IDREF)02743043X</subfield><subfield code="2">idref</subfield></datafield><datafield ind1=" " ind2="7" tag="650"><subfield code="a">Langue des signes</subfield><subfield code="0">(IDREF)030946506</subfield><subfield code="2">idref</subfield></datafield><datafield ind1=" " ind2="7" tag="650"><subfield code="a">Gebärdensprache</subfield><subfield code="x">Gesprochene Sprache</subfield><subfield code="2">idsbb</subfield></datafield><datafield ind1=" " ind2="7" tag="650"><subfield code="a">Gesprochene Sprache</subfield><subfield code="x">Gebärdensprache</subfield><subfield code="2">idsbb</subfield></datafield><datafield ind1=" " ind2="7" tag="650"><subfield code="a">Gebärdensprache</subfield><subfield code="0">(DE-588)4129609-6</subfield><subfield code="2">gnd</subfield></datafield><datafield ind1=" " ind2="7" tag="650"><subfield code="a">Gesprochene Sprache</subfield><subfield code="0">(DE-588)4020717-1</subfield><subfield code="2">gnd</subfield></datafield><datafield ind1=" " ind2="7" tag="650"><subfield code="a">Kontrastive Linguistik</subfield><subfield code="0">(DE-588)4073708-1</subfield><subfield code="2">gnd</subfield></datafield><datafield ind1=" " ind2="0" tag="650"><subfield code="a">Sign language</subfield></datafield><datafield ind1=" " ind2="0" tag="650"><subfield code="a">Linguistic analysis (Linguistics)</subfield></datafield><datafield ind1=" " ind2="0" tag="650"><subfield code="a">Grammar, Comparative and general</subfield><subfield code="x">Grammatical categories</subfield></datafield><datafield ind1=" " ind2="0" tag="650"><subfield code="a">Semantics</subfield></datafield><datafield ind1=" " ind2="0" tag="650"><subfield code="a">Gesture</subfield></datafield><datafield ind1=" " ind2="0" tag="650"><subfield code="a">Metaphor</subfield></datafield><datafield ind1=" " ind2="0" tag="650"><subfield code="a">Cohesion (Linguistics)</subfield></datafield><datafield ind1=" " ind2="7" tag="650"><subfield code="a">Gebärdensprache</subfield><subfield code="2">idszbz</subfield></datafield><datafield ind1=" " ind2="7" tag="650"><subfield code="a">Gesprochene Sprache</subfield><subfield code="2">idszbz</subfield></datafield><datafield ind1=" " ind2="7" tag="650"><subfield code="a">Kontrastive Linguistik</subfield><subfield code="2">idszbz</subfield></datafield><datafield ind1=" " ind2="0" tag="650"><subfield code="a">Cohesion (Linguistics)</subfield><subfield code="v">Congresses</subfield></datafield><datafield ind1=" " ind2="0" tag="650"><subfield code="a">Gesture</subfield><subfield code="v">Congresses</subfield></datafield><datafield ind1=" " ind2="0" tag="650"><subfield code="a">Grammar, Comparative and general</subfield><subfield code="x">Grammatical categories</subfield><subfield code="v">Congresses</subfield></datafield><datafield ind1=" " ind2="0" tag="650"><subfield code="a">Linguistic analysis (Linguistics)</subfield><subfield code="v">Congresses</subfield></datafield><datafield ind1=" " ind2="0" tag="650"><subfield code="a">Metaphor</subfield><subfield code="v">Congresses</subfield></datafield><datafield ind1=" " ind2="0" tag="650"><subfield code="a">Semantics</subfield><subfield code="v">Congresses</subfield></datafield><datafield ind1=" " ind2="0" tag="650"><subfield code="a">Sign language</subfield><subfield code="v">Congresses</subfield></datafield><datafield ind1=" " ind2="7" tag="655"><subfield code="a">[Études diverses]</subfield><subfield code="0">(RERO)A022249905</subfield><subfield code="2">rero</subfield></datafield><datafield ind1=" " ind2="7" tag="655"><subfield code="a">Konferenzschrift</subfield><subfield code="z">Rom</subfield><subfield code="y">2004</subfield><subfield code="2">gnd-content</subfield></datafield><datafield ind1=" " ind2="7" tag="655"><subfield code="a">Konferenzschrift</subfield><subfield code="2">gnd-content</subfield></datafield><datafield ind1="1" ind2=" " tag="700"><subfield code="a">Pizzuto, Elena</subfield><subfield code="0">(RERO)A027437686</subfield></datafield><datafield ind1="4" ind2="2" tag="856"><subfield code="q">application/pdf</subfield><subfield code="u">http://scans.hebis.de/HEBCGI/show.pl?19377450_toc.pdf</subfield><subfield code="3">Inhaltsverzeichnis</subfield></datafield><datafield ind1="4" ind2="2" tag="856"><subfield code="q">text/html</subfield><subfield code="u">https://deposit.dnb.de/cgi-bin/dokserv?id=3018948&amp;prov=M&amp;dok_var=1&amp;dok_ext=htm</subfield><subfield code="3">Inhaltstext</subfield></datafield><datafield ind1=" " ind2=" " tag="830"><subfield code="a">Empirical approaches to linguistic theory</subfield><subfield code="v">36</subfield><subfield code="w">(RERO)R008081263-41slsp</subfield></datafield><datafield ind1=" " ind2=" " tag="830"><subfield code="a">Empirical approaches to language typology</subfield><subfield code="v">36</subfield><subfield code="w">(NEBIS)001042619EBI01</subfield></datafield><datafield ind1=" " ind2=" " tag="900"><subfield code="a">REROnoselfmerge</subfield></datafield><datafield ind1=" " ind2=" " tag="900"><subfield code="a">IDSZ2zbzmon200712f</subfield><subfield code="c">IDSZ2staub</subfield><subfield code="d">IDSZ2zbzswk200805b</subfield><subfield code="e">IDSZ2kara</subfield></datafield><datafield ind1=" " ind2=" " tag="910"><subfield code="a">HEBIS</subfield><subfield code="b">20180130</subfield><subfield code="c">Droits réservés</subfield></datafield><datafield ind1=" " ind2=" " tag="949"><subfield code="a">http://scans.hebis.de/HEBCGI/show.pl?19377450_toc.pdf</subfield></datafield><datafield ind1=" " ind2=" " tag="949"><subfield code="a">https://deposit.dnb.de/cgi-bin/dokserv?id=3018948&amp;prov=M&amp;dok_var=1&amp;dok_ext=htm</subfield></datafield></record>
</metadata></record>