<record><header><identifier>oai:alma.41SLSP_UGE:991000041429705502</identifier><datestamp>2024-04-11T00:20:18Z</datestamp><setSpec>uge_bcen_RapidILL_BOOK</setSpec><setSpec>uge_aaca_RapidILL_BOOK</setSpec><setSpec>uge_abels_RapidILL_BOOK</setSpec><setSpec>uge_dbu_RapidILL_BOOK</setSpec><setSpec>uge_cmu_RapidILL_BOOK</setSpec><setSpec>uge_mail_RapidILL_BOOK</setSpec><setSpec>uge_abbat_RapidILL_BOOK</setSpec><setSpec>UNIGE_ALL</setSpec><setSpec>uge_aobs_RapidILL_BOOK</setSpec><setSpec>uge_acar_RapidILL_BOOK</setSpec></header><metadata>
<record xmlns="http://www.loc.gov/MARC21/slim" xmlns:xsi="http://www.w3.org/2001/XMLSchema-instance" xsi:schemaLocation="http://www.loc.gov/MARC21/slim http://www.loc.gov/standards/marcxml/schema/MARC21slim.xsd"><leader>04091nam a2200781 c 4500</leader><controlfield tag="001">991000041429705502</controlfield><controlfield tag="005">20240410143418.0</controlfield><controlfield tag="008">201011s2012    xxk           00| | eng|d</controlfield><datafield ind1=" " ind2=" " tag="020"><subfield code="a">9780199572984</subfield><subfield code="c">hardb., £ 225.-</subfield></datafield><datafield ind1="7" ind2=" " tag="024"><subfield code="a">http://catalogue.bnf.fr/ark:/12148/cb42728517d</subfield><subfield code="2">uri</subfield></datafield><datafield ind1=" " ind2=" " tag="035"><subfield code="a">(swissbib)214621227-41slsp_network</subfield></datafield><datafield ind1=" " ind2=" " tag="035"><subfield code="a">214621227</subfield><subfield code="9">ExL</subfield></datafield><datafield ind1=" " ind2=" " tag="035"><subfield code="a">(IDSBB)005701906DSV01</subfield></datafield><datafield ind1=" " ind2=" " tag="035"><subfield code="a">(RERO)R006318599-41slsp</subfield></datafield><datafield ind1=" " ind2=" " tag="035"><subfield code="a">(NEBIS)006593123EBI01</subfield></datafield><datafield ind1=" " ind2=" " tag="035"><subfield code="a">(IDSLU)001033886ILU01</subfield></datafield><datafield ind1=" " ind2=" " tag="035"><subfield code="a">(IDSSG)000536816HSB01</subfield></datafield><datafield ind1=" " ind2=" " tag="035"><subfield code="a">(EXLNZ-41SLSP_NETWORK)991141323349705501</subfield></datafield><datafield ind1=" " ind2=" " tag="040"><subfield code="a">RERO ifisdc</subfield><subfield code="e">kids</subfield><subfield code="d">CH-ZuSLS</subfield></datafield><datafield ind1=" " ind2="7" tag="072"><subfield code="a">rw</subfield><subfield code="2">SzZuIDS BS/BE</subfield></datafield><datafield ind1=" " ind2="7" tag="072"><subfield code="a">dr</subfield><subfield code="2">rero</subfield></datafield><datafield ind1=" " ind2="7" tag="072"><subfield code="a">813</subfield><subfield code="2">IDS LU</subfield></datafield><datafield ind1="0" ind2="4" tag="082"><subfield code="a">346.072</subfield><subfield code="2">23</subfield></datafield><datafield ind1="1" ind2="4" tag="082"><subfield code="a">346.072</subfield><subfield code="2">21</subfield></datafield><datafield ind1="1" ind2="4" tag="082"><subfield code="a">340</subfield><subfield code="2">15</subfield></datafield><datafield ind1=" " ind2=" " tag="084"><subfield code="a">PU 1532</subfield><subfield code="2">rvk</subfield></datafield><datafield ind1=" " ind2=" " tag="084"><subfield code="a">A 30.2 g</subfield><subfield code="2">cjurrom</subfield></datafield><datafield ind1=" " ind2=" " tag="084"><subfield code="a">A 73.1 g</subfield><subfield code="2">cjurrom</subfield></datafield><datafield ind1=" " ind2=" " tag="084"><subfield code="a">A 31.8 g</subfield><subfield code="2">cjurrom</subfield></datafield><datafield ind1="1" ind2=" " tag="100"><subfield code="6">880-01</subfield><subfield code="a">Schwenzer, Ingeborg H.</subfield><subfield code="0">(IDREF)067217834</subfield><subfield code="4">cre</subfield></datafield><datafield ind1="1" ind2=" " tag="880"><subfield code="a">Schwenzer, Ingeborg</subfield><subfield code="d">1951-</subfield><subfield code="6">100-01</subfield><subfield code="0">(DE-588)109533313</subfield></datafield><datafield ind1="1" ind2="0" tag="245"><subfield code="a">Global sales and contract law</subfield><subfield code="c">by Ingeborg Schwenzer, Pascal Hachem, Christopher Kee</subfield></datafield><datafield ind1=" " ind2="1" tag="264"><subfield code="a">Oxford</subfield><subfield code="b">Oxford University Press</subfield><subfield code="c">2012</subfield></datafield><datafield ind1=" " ind2=" " tag="300"><subfield code="a">873 S.</subfield><subfield code="c">26 cm</subfield></datafield><datafield ind1=" " ind2=" " tag="336"><subfield code="b">txt</subfield><subfield code="2">rdacontent</subfield></datafield><datafield ind1=" " ind2=" " tag="337"><subfield code="b">n</subfield><subfield code="2">rdamedia</subfield></datafield><datafield ind1=" " ind2=" " tag="338"><subfield code="b">nc</subfield><subfield code="2">rdacarrier</subfield></datafield><datafield ind1=" " ind2=" " tag="500"><subfield code="a">Part IV: thesis on validity in sales law of Christopher Kee</subfield></datafield><datafield ind1="2" ind2="7" tag="611"><subfield code="a">Convention des Nations Unies sur les contrats de vente internationale de marchandises</subfield><subfield code="d">1980</subfield><subfield code="c">Vienne</subfield><subfield code="0">(RERO)A009979719</subfield><subfield code="2">rero</subfield></datafield><datafield ind1=" " ind2="7" tag="650"><subfield code="a">Vente internationale</subfield><subfield code="0">(IDREF)027736652</subfield><subfield code="2">idref</subfield></datafield><datafield ind1=" " ind2="7" tag="650"><subfield code="a">Contrats internationaux</subfield><subfield code="0">(IDREF)027690555</subfield><subfield code="2">idref</subfield></datafield><datafield ind1=" " ind2="7" tag="650"><subfield code="a">Droit</subfield><subfield code="0">(IDREF)027466868</subfield><subfield code="2">idref</subfield></datafield><datafield ind1=" " ind2="0" tag="650"><subfield code="a">Contracts</subfield></datafield><datafield ind1=" " ind2="0" tag="650"><subfield code="a">Export sales contracts</subfield></datafield><datafield ind1=" " ind2="0" tag="650"><subfield code="a">Sales</subfield></datafield><datafield ind1="0" ind2="7" tag="630"><subfield code="a">United Nations Convention on Contracts for the International Sale of Goods</subfield><subfield code="f">1980 April 11</subfield><subfield code="2">gnd</subfield><subfield code="0">(DE-588)4124338-9</subfield></datafield><datafield ind1=" " ind2="7" tag="650"><subfield code="a">Kaufrecht</subfield><subfield code="0">(DE-588)4192144-6</subfield><subfield code="2">gnd</subfield></datafield><datafield ind1=" " ind2="7" tag="650"><subfield code="a">Vertragsrecht</subfield><subfield code="0">(DE-588)4063283-0</subfield><subfield code="2">gnd</subfield></datafield><datafield ind1=" " ind2="7" tag="650"><subfield code="a">Internationales Kaufrecht</subfield><subfield code="0">(DE-588)4162096-3</subfield><subfield code="2">gnd</subfield></datafield><datafield ind1=" " ind2="7" tag="650"><subfield code="a">Internationales Vertragsrecht</subfield><subfield code="0">(DE-588)4027458-5</subfield><subfield code="2">gnd</subfield></datafield><datafield ind1=" " ind2="7" tag="650"><subfield code="a">Rechtsvereinheitlichung</subfield><subfield code="0">(DE-588)4048849-4</subfield><subfield code="2">gnd</subfield></datafield><datafield ind1=" " ind2="7" tag="650"><subfield code="a">Rechtsvergleich</subfield><subfield code="0">(DE-588)4115712-6</subfield><subfield code="2">gnd</subfield></datafield><datafield ind1=" " ind2="7" tag="655"><subfield code="a">Manuels d'enseignement supérieur</subfield><subfield code="0">(IDREF)03020934X</subfield><subfield code="2">idref</subfield></datafield><datafield ind1=" " ind2="7" tag="655"><subfield code="a">Manuels d'enseignement</subfield><subfield code="0">(IDREF)027446514</subfield><subfield code="2">idref</subfield></datafield><datafield ind1=" " ind2=" " tag="690"><subfield code="a">Sale law ; Abbreviation ; Formation ; Acceptance ; Obligation ; Communication ; Sale ; Allotropy ; Contract law ; Judicial subject ; Legislation ; Requirement ; Evaluation ; Supplementation ; Defect ; Fraud ; Usage ; Legal liability ; Construction ; Contract ; standards ; Standard ; Validation ; Illegality ; Immorality ; Energy transmission ; Delivery ; Duty ; Capacity ; Breach ; Data table ; Advantage ; Examination ; Exemption ; Suspension ; Income ; Agency ; Buyer ; Risk pass ; Pascal ; Uniform ; Interest ; Price reduction ; Ambit ; Boundary ; Duress ; Unwinding ; Third party ; Action limitation ; Limitation ; Bibliography</subfield><subfield code="2">idssg-J</subfield></datafield><datafield ind1=" " ind2=" " tag="690"><subfield code="a">Modern Practice; General Remarks; Excessive Benefits; Specific Performance; Concurrent Remedies</subfield><subfield code="2">idssg-J</subfield></datafield><datafield ind1=" " ind2=" " tag="690"><subfield code="a">Oxford [100]</subfield><subfield code="2">idssg-J</subfield></datafield><datafield ind1=" " ind2=" " tag="690"><subfield code="a">Ingeborg; Schwenzer; Hachem; xlv; lxxxüi; CONTENTS; DEVELOPMENT; II; III; IV; VI; VII; SELLER; VIII; X.; XI; REMEDIES; XII; ACTIONS</subfield><subfield code="2">idssg-J</subfield></datafield><datafield ind1=" " ind2=" " tag="691"><subfield code="e">PC 30.2</subfield><subfield code="2">rzs-L1</subfield></datafield><datafield ind1=" " ind2=" " tag="691"><subfield code="e">PC 31.7</subfield><subfield code="2">rzs-L1</subfield></datafield><datafield ind1="1" ind2=" " tag="700"><subfield code="a">Kee, Christopher</subfield><subfield code="6">880-02</subfield><subfield code="0">(DE-588)1034499831</subfield></datafield><datafield ind1="1" ind2=" " tag="880"><subfield code="6">700-02</subfield><subfield code="a">Kee, Christopher</subfield><subfield code="0">(IDREF)117542377</subfield></datafield><datafield ind1="1" ind2=" " tag="700"><subfield code="a">Hachem, Pascal</subfield><subfield code="d">1981-</subfield><subfield code="6">880-03</subfield><subfield code="0">(DE-588)114705763X</subfield></datafield><datafield ind1="1" ind2=" " tag="880"><subfield code="6">700-03</subfield><subfield code="a">Hachem, Pascal</subfield><subfield code="d">1981-</subfield><subfield code="0">(IDREF)160322332</subfield></datafield><datafield ind1="4" ind2=" " tag="856"><subfield code="3">Titelblatt und Inhaltsverzeichnis</subfield><subfield code="u">https://toc.library.ethz.ch/objects/pdf/z16_978-0-19-957298-4_01.pdf</subfield><subfield code="q">pdf</subfield></datafield><datafield ind1=" " ind2=" " tag="900"><subfield code="a">REROnoselfmerge</subfield></datafield><datafield ind1=" " ind2=" " tag="900"><subfield code="a">IDSZ2rwimon201202i</subfield><subfield code="c">IDSZ2rosi 120208</subfield><subfield code="d">IDSZ2rwiswk201202b</subfield><subfield code="e">IDSZ2rohn</subfield></datafield><datafield ind1=" " ind2=" " tag="900"><subfield code="a">IDSZ2zbzmon201206l</subfield><subfield code="c">IDSZ2sage</subfield><subfield code="d">IDSZ2zbzswk201206u</subfield><subfield code="e">IDSZ2bruu</subfield></datafield><datafield ind1=" " ind2=" " tag="949"><subfield code="a">https://toc.library.ethz.ch/objects/pdf/z16_978-0-19-957298-4_01.pdf</subfield></datafield></record>
</metadata></record>