<record><header><identifier>oai:alma.41SLSP_UGE:991000041539705502</identifier><datestamp>2023-03-01T01:09:11Z</datestamp><setSpec>uge_bcen_RapidILL_BOOK</setSpec><setSpec>uge_aaca_RapidILL_BOOK</setSpec><setSpec>uge_abels_RapidILL_BOOK</setSpec><setSpec>uge_dbu_RapidILL_BOOK</setSpec><setSpec>uge_cmu_RapidILL_BOOK</setSpec><setSpec>uge_mail_RapidILL_BOOK</setSpec><setSpec>UNIGE_ALL</setSpec><setSpec>uge_abbat_RapidILL_BOOK</setSpec><setSpec>uge_aobs_RapidILL_BOOK</setSpec><setSpec>uge_acar_RapidILL_BOOK</setSpec></header><metadata>
<record xmlns="http://www.loc.gov/MARC21/slim" xmlns:xsi="http://www.w3.org/2001/XMLSchema-instance" xsi:schemaLocation="http://www.loc.gov/MARC21/slim http://www.loc.gov/standards/marcxml/schema/MARC21slim.xsd"><leader>00869nam a2200241 c 4500</leader><controlfield tag="001">991000041539705502</controlfield><controlfield tag="005">20201225160448.0</controlfield><controlfield tag="008">000819s1931    gw ||||| |||| 00| ||ger d</controlfield><datafield ind1=" " ind2=" " tag="035"><subfield code="a">(swissbib)076726274-41slsp_network</subfield></datafield><datafield ind1=" " ind2=" " tag="035"><subfield code="a">076726274</subfield><subfield code="9">ExL</subfield></datafield><datafield ind1=" " ind2=" " tag="035"><subfield code="a">(RERO)0052097-41slsp</subfield></datafield><datafield ind1=" " ind2=" " tag="035"><subfield code="a">(EXLNZ-41SLSP_NETWORK)991043820849705501</subfield></datafield><datafield ind1=" " ind2=" " tag="040"><subfield code="a">RERO</subfield><subfield code="d">CH-ZuSLS</subfield></datafield><datafield ind1=" " ind2="7" tag="072"><subfield code="a">al</subfield><subfield code="2">rero</subfield></datafield><datafield ind1="1" ind2=" " tag="100"><subfield code="a">Rilke, Rainer Maria</subfield><subfield code="d">1875-1926</subfield><subfield code="0">(IDREF)027100596</subfield><subfield code="4">cre</subfield></datafield><datafield ind1="1" ind2="0" tag="245"><subfield code="a">Briefe</subfield><subfield code="c">Rainer Maria Rilke ; hrsg. von Ruth Sieber-Rilke und Carl Sieber.</subfield><subfield code="n">[1]</subfield><subfield code="p">Briefe und Tagebücher aus der Frühzeit, 1899 bis 1902</subfield></datafield><datafield ind1=" " ind2="1" tag="264"><subfield code="a">Leipzig</subfield><subfield code="b">Insel-Verlag</subfield><subfield code="c">1931</subfield></datafield><datafield ind1=" " ind2=" " tag="300"><subfield code="a">431 p.</subfield><subfield code="c">19 cm</subfield></datafield><datafield ind1=" " ind2=" " tag="336"><subfield code="b">txt</subfield><subfield code="2">rdacontent</subfield></datafield><datafield ind1=" " ind2=" " tag="337"><subfield code="b">n</subfield><subfield code="2">rdamedia</subfield></datafield><datafield ind1=" " ind2=" " tag="338"><subfield code="b">nc</subfield><subfield code="2">rdacarrier</subfield></datafield><datafield ind1="1" ind2=" " tag="700"><subfield code="a">Sieber-Rilke, Ruth</subfield><subfield code="d">1901-....</subfield><subfield code="0">(IDREF)031148115</subfield></datafield><datafield ind1="1" ind2=" " tag="800"><subfield code="a">Rilke, Rainer Maria</subfield><subfield code="d">1875-1926</subfield><subfield code="t">Briefe</subfield><subfield code="v">[1]</subfield></datafield><datafield ind1=" " ind2=" " tag="900"><subfield code="a">REROnoselfmerge</subfield></datafield></record>
</metadata></record>