<record><header><identifier>oai:alma.41SLSP_UGE:991000042059705502</identifier><datestamp>2023-06-02T00:21:27Z</datestamp><setSpec>uge_bcen_RapidILL_BOOK</setSpec><setSpec>uge_aaca_RapidILL_BOOK</setSpec><setSpec>uge_abels_RapidILL_BOOK</setSpec><setSpec>uge_dbu_RapidILL_BOOK</setSpec><setSpec>uge_cmu_RapidILL_BOOK</setSpec><setSpec>uge_mail_RapidILL_BOOK</setSpec><setSpec>uge_abbat_RapidILL_BOOK</setSpec><setSpec>UNIGE_ALL</setSpec><setSpec>uge_aobs_RapidILL_BOOK</setSpec><setSpec>uge_acar_RapidILL_BOOK</setSpec></header><metadata>
<record xmlns="http://www.loc.gov/MARC21/slim" xmlns:xsi="http://www.w3.org/2001/XMLSchema-instance" xsi:schemaLocation="http://www.loc.gov/MARC21/slim http://www.loc.gov/standards/marcxml/schema/MARC21slim.xsd"><leader>01244naa a2200337 c 4500</leader><controlfield tag="001">991000042059705502</controlfield><controlfield tag="005">20230601121240.0</controlfield><controlfield tag="008">951205s1949    sz ||||| m||| 00| ||fre d</controlfield><datafield ind1=" " ind2=" " tag="035"><subfield code="a">(swissbib)090660102-41slsp_network</subfield></datafield><datafield ind1=" " ind2=" " tag="035"><subfield code="a">090660102</subfield><subfield code="9">ExL</subfield></datafield><datafield ind1=" " ind2=" " tag="035"><subfield code="a">(RERO)2119374-41slsp</subfield></datafield><datafield ind1=" " ind2=" " tag="035"><subfield code="z">(swissbib)17925717X-41slsp_network</subfield></datafield><datafield ind1=" " ind2=" " tag="035"><subfield code="a">(NEBIS)006924139EBI01</subfield></datafield><datafield ind1=" " ind2=" " tag="035"><subfield code="z">(CH-ZuSLS)991074160229705501</subfield></datafield><datafield ind1=" " ind2=" " tag="035"><subfield code="z">(swissbib)054906490-41slsp_network</subfield></datafield><datafield ind1=" " ind2=" " tag="035"><subfield code="a">(IDSBB)004558921DSV01</subfield></datafield><datafield ind1=" " ind2=" " tag="035"><subfield code="z">(CH-ZuSLS)991042573169705501</subfield></datafield><datafield ind1=" " ind2=" " tag="035"><subfield code="a">(EXLNZ-41SLSP_NETWORK)991033234599705501</subfield></datafield><datafield ind1=" " ind2=" " tag="040"><subfield code="a">RERO geussc</subfield><subfield code="d">CH-ZuSLS</subfield></datafield><datafield ind1=" " ind2="7" tag="072"><subfield code="a">ch</subfield><subfield code="2">rero</subfield></datafield><datafield ind1="1" ind2=" " tag="100"><subfield code="a">Herschmann, Charles</subfield><subfield code="0">(RERO)A003367398</subfield><subfield code="4">cre</subfield></datafield><datafield ind1="1" ind2="0" tag="245"><subfield code="a">Recherches sur la nature du menthonitrile de Wallach</subfield><subfield code="c">Charles Herschmann</subfield></datafield><datafield ind1=" " ind2=" " tag="336"><subfield code="b">txt</subfield><subfield code="2">rdacontent</subfield></datafield><datafield ind1=" " ind2=" " tag="337"><subfield code="b">n</subfield><subfield code="2">rdamedia</subfield></datafield><datafield ind1=" " ind2=" " tag="338"><subfield code="b">nc</subfield><subfield code="2">rdacarrier</subfield></datafield><datafield ind1=" " ind2=" " tag="500"><subfield code="a">Laboratoire de chimie technique, théorique et d'électrochimie</subfield></datafield><datafield ind1=" " ind2=" " tag="502"><subfield code="a">Th. chim. Genève, 1947 ; Sc. 1110</subfield></datafield><datafield ind1=" " ind2=" " tag="580"><subfield code="a">In: Helvetica chimica acta. - Basel. - Vol. 32(1949), fasc. 7, p. 2537-2546</subfield></datafield><datafield ind1=" " ind2="7" tag="655"><subfield code="a">Hochschulschrift</subfield><subfield code="2">gnd-content</subfield></datafield><datafield ind1="0" ind2=" " tag="773"><subfield code="t">Helvetica chimica acta</subfield><subfield code="g">1949/2537</subfield><subfield code="g">yr:1949</subfield><subfield code="w">(RERO)0829024-41slsp</subfield></datafield><datafield ind1=" " ind2=" " tag="900"><subfield code="a">IDSZRMedeaZBZDiss</subfield></datafield><datafield ind1=" " ind2=" " tag="900"><subfield code="a">REROnoselfmerge</subfield></datafield></record>
</metadata></record>