<record><header><identifier>oai:alma.41SLSP_UGE:991000041329705502</identifier><datestamp>2024-03-09T01:39:12Z</datestamp><setSpec>uge_bcen_RapidILL_BOOK</setSpec><setSpec>uge_aaca_RapidILL_BOOK</setSpec><setSpec>uge_abels_RapidILL_BOOK</setSpec><setSpec>uge_dbu_RapidILL_BOOK</setSpec><setSpec>uge_cmu_RapidILL_BOOK</setSpec><setSpec>uge_mail_RapidILL_BOOK</setSpec><setSpec>uge_abbat_RapidILL_BOOK</setSpec><setSpec>UNIGE_ALL</setSpec><setSpec>uge_acar_RapidILL_BOOK</setSpec><setSpec>uge_aobs_RapidILL_BOOK</setSpec></header><metadata>
<record xmlns="http://www.loc.gov/MARC21/slim" xmlns:xsi="http://www.w3.org/2001/XMLSchema-instance" xsi:schemaLocation="http://www.loc.gov/MARC21/slim http://www.loc.gov/standards/marcxml/schema/MARC21slim.xsd"><leader>02994nam a2200721 c 4500</leader><controlfield tag="001">991000041329705502</controlfield><controlfield tag="005">20240308061733.0</controlfield><controlfield tag="008">201012t19811981sz ||||| |||| 00| ||ger d</controlfield><datafield ind1=" " ind2=" " tag="020"><subfield code="a">9783760836461</subfield></datafield><datafield ind1=" " ind2=" " tag="020"><subfield code="a">3760836461</subfield></datafield><datafield ind1=" " ind2=" " tag="035"><subfield code="a">(swissbib)238055817-41slsp_network</subfield></datafield><datafield ind1=" " ind2=" " tag="035"><subfield code="a">238055817</subfield><subfield code="9">ExL</subfield></datafield><datafield ind1=" " ind2=" " tag="035"><subfield code="a">(RERO)R006323855-41slsp</subfield></datafield><datafield ind1=" " ind2=" " tag="035"><subfield code="a">(IDSBB)000099338DSV01</subfield></datafield><datafield ind1=" " ind2=" " tag="035"><subfield code="a">(NEBIS)000250125EBI01</subfield></datafield><datafield ind1=" " ind2=" " tag="035"><subfield code="a">(IDSLU)000638455ILU01</subfield></datafield><datafield ind1=" " ind2=" " tag="035"><subfield code="a">(IDSSG)000315124HSB01</subfield></datafield><datafield ind1=" " ind2=" " tag="035"><subfield code="a">(ABN)000059449ABN01</subfield></datafield><datafield ind1=" " ind2=" " tag="035"><subfield code="a">(EXLNZ-41SLSP_NETWORK)991157129789705501</subfield></datafield><datafield ind1=" " ind2=" " tag="040"><subfield code="a">SzZUIDS</subfield><subfield code="d">CH-ZuSLS</subfield></datafield><datafield ind1="1" ind2=" " tag="041"><subfield code="a">ger</subfield><subfield code="a">lat</subfield><subfield code="h">lat</subfield></datafield><datafield ind1=" " ind2=" " tag="044"><subfield code="a">sz</subfield><subfield code="a">gw</subfield></datafield><datafield ind1=" " ind2="7" tag="072"><subfield code="a">la</subfield><subfield code="2">rero</subfield></datafield><datafield ind1=" " ind2="7" tag="072"><subfield code="a">kp</subfield><subfield code="2">SzZuIDS BS/BE</subfield></datafield><datafield ind1=" " ind2=" " tag="084"><subfield code="a">FX 181100</subfield><subfield code="2">rvk</subfield></datafield><datafield ind1=" " ind2=" " tag="084"><subfield code="a">NH 4020</subfield><subfield code="2">rvk</subfield></datafield><datafield ind1=" " ind2=" " tag="084"><subfield code="a">B</subfield><subfield code="2">sdnb</subfield></datafield><datafield ind1="1" ind2=" " tag="100"><subfield code="a">Horatius Flaccus, Quintus</subfield><subfield code="d">v65-v8</subfield><subfield code="6">880-01</subfield><subfield code="0">(DE-588)118553569</subfield></datafield><datafield ind1="1" ind2=" " tag="880"><subfield code="6">100-01</subfield><subfield code="a">Horace</subfield><subfield code="d">0065-0008 av. J.-C.</subfield><subfield code="0">(IDREF)026659166</subfield><subfield code="4">cre</subfield></datafield><datafield ind1="1" ind2="0" tag="240"><subfield code="a">Carmina</subfield></datafield><datafield ind1="1" ind2="0" tag="245"><subfield code="a">Oden und Epoden</subfield><subfield code="b">lateinisch und deutsch</subfield><subfield code="c">Q. Horatius Flaccus ; übersetzt von Christian Friedrich Karl Herzlieb und Johann Peter Uz ; eingeleitet und bearbeitet von Walther Killy und Ernst A. Schmidt = Q. Horatii Flacci Carminum et epodon libros : latine et germanice / ediderunt et praefati sunt Gualtherius Killy et Ernestus A. Schmidt</subfield></datafield><datafield ind1="1" ind2=" " tag="246"><subfield code="a">Q. Horatii Flacci Carminum et epodon libros</subfield><subfield code="b">latine et germanice</subfield></datafield><datafield ind1="1" ind2="1" tag="246"><subfield code="a">Carminum et epodon libri</subfield></datafield><datafield ind1="1" ind2="1" tag="246"><subfield code="a">Oden und Epoden</subfield></datafield><datafield ind1="1" ind2="1" tag="246"><subfield code="a">Carminum et epodon libros</subfield></datafield><datafield ind1=" " ind2="1" tag="264"><subfield code="a">Zürich</subfield><subfield code="b">Artemis</subfield><subfield code="c">1981</subfield></datafield><datafield ind1=" " ind2="4" tag="264"><subfield code="c">© 1981</subfield></datafield><datafield ind1=" " ind2=" " tag="300"><subfield code="a">557 S</subfield><subfield code="c">18 cm.</subfield></datafield><datafield ind1=" " ind2=" " tag="336"><subfield code="b">txt</subfield><subfield code="2">rdacontent</subfield></datafield><datafield ind1=" " ind2=" " tag="337"><subfield code="b">n</subfield><subfield code="2">rdamedia</subfield></datafield><datafield ind1=" " ind2=" " tag="338"><subfield code="b">nc</subfield><subfield code="2">rdacarrier</subfield></datafield><datafield ind1="0" ind2=" " tag="490"><subfield code="a">Die Bibliothek der Alten Welt. Römische Reihe</subfield></datafield><datafield ind1=" " ind2=" " tag="500"><subfield code="a">Originaltitel: Carmina</subfield></datafield><datafield ind1=" " ind2=" " tag="500"><subfield code="a">Text deutsch und lat. ; mit lat. Paralleltitelblatt</subfield></datafield><datafield ind1="1" ind2="7" tag="600"><subfield code="a">Horatius Flaccus, Quintus</subfield><subfield code="d">v65-v8</subfield><subfield code="t">Epodi</subfield><subfield code="0">(DE-588)4072626-5</subfield><subfield code="2">gnd</subfield></datafield><datafield ind1="0" ind2="0" tag="600"><subfield code="a">Horace</subfield><subfield code="v">Translations into German</subfield></datafield><datafield ind1=" " ind2="0" tag="650"><subfield code="a">Laudatory poetry, Latin</subfield><subfield code="v">Translations into German</subfield></datafield><datafield ind1=" " ind2="0" tag="650"><subfield code="a">Verse satire, Latin</subfield><subfield code="v">Translations into German</subfield></datafield><datafield ind1=" " ind2="7" tag="650"><subfield code="a">ERSTES JAHRHUNDERT V. CHR.</subfield><subfield code="9">ger</subfield><subfield code="0">(ETHUDK)000008881</subfield><subfield code="2">ethudk</subfield></datafield><datafield ind1=" " ind2="7" tag="650"><subfield code="a">LATEINISCHE LITERATUR</subfield><subfield code="9">ger</subfield><subfield code="0">(ETHUDK)000036486</subfield><subfield code="2">ethudk</subfield></datafield><datafield ind1=" " ind2="7" tag="650"><subfield code="a">LYRIK + VERSDICHTUNG (LITERATUR)</subfield><subfield code="9">ger</subfield><subfield code="0">(ETHUDK)000036413</subfield><subfield code="2">ethudk</subfield></datafield><datafield ind1=" " ind2="0" tag="651"><subfield code="a">Rome</subfield><subfield code="v">Poetry</subfield></datafield><datafield ind1=" " ind2="7" tag="655"><subfield code="a">Fiktionale Darstellung</subfield><subfield code="2">gnd-content</subfield></datafield><datafield ind1="1" ind2=" " tag="700"><subfield code="a">Herzlieb, Christian Friedrich Karl</subfield><subfield code="0">(IDREF)11490006X</subfield></datafield><datafield ind1="1" ind2=" " tag="700"><subfield code="a">Uz, Johann Peter</subfield><subfield code="d">1720-1796</subfield><subfield code="6">880-03</subfield><subfield code="0">(DE-588)118625756</subfield></datafield><datafield ind1="1" ind2=" " tag="880"><subfield code="6">700-03</subfield><subfield code="a">Uz, Johann Peter</subfield><subfield code="0">(RERO)A003923831</subfield></datafield><datafield ind1="1" ind2=" " tag="700"><subfield code="a">Schmidt, Ernst A.</subfield><subfield code="d">1937-</subfield><subfield code="6">880-04</subfield><subfield code="0">(DE-588)13381324X</subfield></datafield><datafield ind1="1" ind2=" " tag="880"><subfield code="6">700-04</subfield><subfield code="a">Schmidt, Ernst A</subfield><subfield code="0">(RERO)A003800373</subfield></datafield><datafield ind1="1" ind2=" " tag="700"><subfield code="a">Killy, Walther</subfield><subfield code="d">1917-1995</subfield><subfield code="6">880-05</subfield><subfield code="0">(DE-588)116171650</subfield></datafield><datafield ind1="1" ind2=" " tag="880"><subfield code="6">700-05</subfield><subfield code="a">Killy, Walther</subfield><subfield code="0">(RERO)A003453800</subfield></datafield><datafield ind1=" " ind2=" " tag="900"><subfield code="a">REROnoselfmerge</subfield></datafield><datafield ind1=" " ind2=" " tag="900"><subfield code="a">IDSZRMedeaZBZ</subfield><subfield code="e">IDSZRlehh</subfield></datafield><datafield ind1=" " ind2=" " tag="900"><subfield code="a">IDSZ1ZH</subfield></datafield><datafield ind1=" " ind2=" " tag="910"><subfield code="a">OCoLC</subfield><subfield code="b">20111031</subfield><subfield code="c">Droits réservés</subfield></datafield></record>
</metadata></record>