<record><header><identifier>oai:alma.41SLSP_UGE:991000042049705502</identifier><datestamp>2023-04-19T00:11:52Z</datestamp><setSpec>uge_bcen_RapidILL_BOOK</setSpec><setSpec>uge_aaca_RapidILL_BOOK</setSpec><setSpec>uge_abels_RapidILL_BOOK</setSpec><setSpec>uge_dbu_RapidILL_BOOK</setSpec><setSpec>uge_cmu_RapidILL_BOOK</setSpec><setSpec>uge_mail_RapidILL_BOOK</setSpec><setSpec>uge_abbat_RapidILL_BOOK</setSpec><setSpec>UNIGE_ALL</setSpec><setSpec>uge_acar_RapidILL_BOOK</setSpec><setSpec>uge_aobs_RapidILL_BOOK</setSpec></header><metadata>
<record xmlns="http://www.loc.gov/MARC21/slim" xmlns:xsi="http://www.w3.org/2001/XMLSchema-instance" xsi:schemaLocation="http://www.loc.gov/MARC21/slim http://www.loc.gov/standards/marcxml/schema/MARC21slim.xsd"><leader>04123nam a2200577 c 4500</leader><controlfield tag="001">991000042049705502</controlfield><controlfield tag="005">20230418203615.0</controlfield><controlfield tag="008">201011s2018    xxk||||| |||| 00| ||eng d</controlfield><datafield ind1=" " ind2=" " tag="020"><subfield code="a">178262919X</subfield></datafield><datafield ind1=" " ind2=" " tag="020"><subfield code="a">9781782629191</subfield><subfield code="q">print</subfield></datafield><datafield ind1=" " ind2=" " tag="020"><subfield code="z">9781788013222</subfield><subfield code="q">ebook PDF</subfield></datafield><datafield ind1=" " ind2=" " tag="020"><subfield code="z">9781788014830</subfield><subfield code="q">ebook EPUB</subfield></datafield><datafield ind1=" " ind2=" " tag="035"><subfield code="a">(swissbib)21432950X-41slsp_network</subfield></datafield><datafield ind1=" " ind2=" " tag="035"><subfield code="a">21432950X</subfield><subfield code="9">ExL</subfield></datafield><datafield ind1=" " ind2=" " tag="035"><subfield code="a">(RERO)R008858623-41slsp</subfield></datafield><datafield ind1=" " ind2=" " tag="035"><subfield code="a">(NEBIS)011333924EBI01</subfield></datafield><datafield ind1=" " ind2=" " tag="035"><subfield code="a">(EXLNZ-41SLSP_NETWORK)991107069999705501</subfield></datafield><datafield ind1=" " ind2=" " tag="040"><subfield code="a">YDX</subfield><subfield code="b">eng</subfield><subfield code="e">rda</subfield><subfield code="d">CH-ZuSLS</subfield></datafield><datafield ind1=" " ind2="4" tag="050"><subfield code="a">QD505</subfield><subfield code="b">.A356 2018</subfield></datafield><datafield ind1=" " ind2="7" tag="072"><subfield code="a">ch</subfield><subfield code="2">rero</subfield></datafield><datafield ind1="0" ind2="4" tag="082"><subfield code="a">541/.395</subfield><subfield code="2">23</subfield></datafield><datafield ind1="0" ind2="0" tag="245"><subfield code="a">Alternative catalytic materials</subfield><subfield code="b">carbides, nitrides, phosphides and amorphous boron alloys</subfield><subfield code="c">editors: Justin S.J. Hargreaves, Andrew R. McFarlane and Said Laassiri</subfield></datafield><datafield ind1=" " ind2="1" tag="264"><subfield code="a">[Cambridge]</subfield><subfield code="b">Royal Society of Chemistry</subfield><subfield code="c">[2018]</subfield></datafield><datafield ind1=" " ind2=" " tag="300"><subfield code="a">xii, 198 pages</subfield><subfield code="b">illustrations</subfield><subfield code="c">25 cm</subfield></datafield><datafield ind1=" " ind2=" " tag="336"><subfield code="b">txt</subfield><subfield code="2">rdacontent</subfield></datafield><datafield ind1=" " ind2=" " tag="337"><subfield code="b">n</subfield><subfield code="2">rdamedia</subfield></datafield><datafield ind1=" " ind2=" " tag="338"><subfield code="b">nc</subfield><subfield code="2">rdacarrier</subfield></datafield><datafield ind1="1" ind2=" " tag="490"><subfield code="a">Catalysis series</subfield><subfield code="v">34</subfield></datafield><datafield ind1=" " ind2=" " tag="504"><subfield code="a">Includes bibliographical references and index</subfield></datafield><datafield ind1="0" ind2=" " tag="505"><subfield code="a">Introduction to the application of nitrides, carbides, phosphides and amorphous boron alloys in catalysis / Kevin J. Smith -- Preparation methods for nitride and carbide catalysts / Zhiwei Yao and Pengliang Liang -- Metal phosphides and their applications in catalysis / Y. Bonita and J. C. Hicks -- Metal carbide catalysts / J. S. J. Hargreaves -- Metal nitride catalysts / J. S. J. Hargreaves -- Amorphous boron alloys and their catalytic behaviour / N. Irvine -- Alternative materials for chemical looping applications / Said Laassiri -- Applications of transition metal nitrides as electrocatalysts / A. L. Garden, Y. Abghoui and E. Skúlason -- Electrocatalysis with metal phosphides / J. L. Rico</subfield></datafield><datafield ind1="8" ind2=" " tag="520"><subfield code="a">&quot;Many important industrial chemical processes rely heavily on catalysis and so researchers are always on the lookout for alternative catalytic materials that may improve existing processes or lead to new ones. Families of novel catalytic materials currently being investigated include carbides, nitrides and phosphides as well as amorphous boron catalysts. The addition of carbon, nitrogen or phosphorus to transition metals and the creation of boron-transition metal alloys leads to catalytic materials that have interesting properties, with applications in a range of different reactions, including electrocatalysis. This book provides a comprehensive account of the preparation, characterisation and application of these catalytic materials. It is an important reference for researchers and industrialists working in heterogeneous catalysis and materials chemistry.&quot;--</subfield><subfield code="c">Back cover</subfield></datafield><datafield ind1=" " ind2="7" tag="650"><subfield code="a">Catalyse</subfield><subfield code="0">(IDREF)027359727</subfield><subfield code="2">idref</subfield></datafield><datafield ind1=" " ind2="7" tag="650"><subfield code="a">Catalyseurs</subfield><subfield code="0">(IDREF)027222179</subfield><subfield code="2">idref</subfield></datafield><datafield ind1=" " ind2="0" tag="650"><subfield code="a">Catalysis</subfield></datafield><datafield ind1=" " ind2="0" tag="650"><subfield code="a">Catalysts</subfield></datafield><datafield ind1=" " ind2="7" tag="650"><subfield code="a">AUFSATZSAMMLUNGEN (DOKUMENTENTYP)</subfield><subfield code="9">ger</subfield><subfield code="0">(ETHUDK)000009249</subfield><subfield code="2">ethudk</subfield></datafield><datafield ind1=" " ind2="7" tag="650"><subfield code="a">KATALYSATOREN (CHEMISCHE REAKTIONEN)</subfield><subfield code="9">ger</subfield><subfield code="0">(ETHUDK)000033029</subfield><subfield code="2">ethudk</subfield></datafield><datafield ind1=" " ind2="7" tag="650"><subfield code="a">KATALYSE (CHEMISCHE KINETIK)</subfield><subfield code="9">ger</subfield><subfield code="0">(ETHUDK)000015988</subfield><subfield code="2">ethudk</subfield></datafield><datafield ind1=" " ind2="7" tag="650"><subfield code="a">METALLKATALYSATOREN (CHEMISCHE REAKTIONEN)</subfield><subfield code="9">ger</subfield><subfield code="0">(ETHUDK)000033032</subfield><subfield code="2">ethudk</subfield></datafield><datafield ind1=" " ind2="7" tag="650"><subfield code="a">NITRIDE UND AMMONIAK (ANORGANISCHE CHEMIE)</subfield><subfield code="9">ger</subfield><subfield code="0">(ETHUDK)000016581</subfield><subfield code="2">ethudk</subfield></datafield><datafield ind1="1" ind2=" " tag="700"><subfield code="a">Hargreaves, Justin S. J.</subfield><subfield code="0">(DE-588)113739434X</subfield><subfield code="e">Herausgeber</subfield><subfield code="4">edt</subfield></datafield><datafield ind1="1" ind2=" " tag="700"><subfield code="a">McFarlane, Andrew Robert</subfield><subfield code="e">Herausgeber</subfield><subfield code="4">edt</subfield></datafield><datafield ind1="1" ind2=" " tag="700"><subfield code="a">Hargreaves, Justin S.J.</subfield><subfield code="0">(IDREF)074568078</subfield></datafield><datafield ind1="1" ind2=" " tag="700"><subfield code="a">McFarlane, Andrew R.</subfield><subfield code="q">Andrew Robert</subfield><subfield code="0">(RERO)A027730807</subfield></datafield><datafield ind1="1" ind2=" " tag="700"><subfield code="a">Laassiri, Said</subfield><subfield code="0">(DE-588)1163340162</subfield><subfield code="e">Herausgeber</subfield><subfield code="4">edt</subfield><subfield code="6">880-04</subfield></datafield><datafield ind1="1" ind2=" " tag="880"><subfield code="6">700-04</subfield><subfield code="a">Laassiri, Said</subfield><subfield code="d">1983-....</subfield><subfield code="0">(IDREF)181779897</subfield></datafield><datafield ind1="4" ind2=" " tag="856"><subfield code="3">Titelblatt und Inhaltsverzeichnis</subfield><subfield code="u">https://toc.library.ethz.ch/objects/pdf03/e16_978-1-78262-919-1_01.pdf</subfield><subfield code="q">pdf</subfield></datafield><datafield ind1=" " ind2="0" tag="830"><subfield code="a">Catalysis series</subfield><subfield code="v">34</subfield><subfield code="w">(NEBIS)005930674EBI01</subfield></datafield><datafield ind1=" " ind2="0" tag="830"><subfield code="a">Catalysis series</subfield><subfield code="p">RSC</subfield><subfield code="v">34</subfield><subfield code="w">(RERO)R008875580-41slsp</subfield></datafield><datafield ind1=" " ind2=" " tag="900"><subfield code="a">REROnoselfmerge</subfield></datafield><datafield ind1=" " ind2=" " tag="910"><subfield code="a">OCoLC</subfield><subfield code="b">20181029</subfield><subfield code="c">Réutilisation sous conditions: Licence ODC-BY</subfield></datafield><datafield ind1=" " ind2=" " tag="949"><subfield code="a">https://toc.library.ethz.ch/objects/pdf03/e16_978-1-78262-919-1_01.pdf</subfield></datafield></record>
</metadata></record>