<record><header><identifier>oai:alma.41SLSP_UGE:991000041319705502</identifier><datestamp>2023-03-21T01:09:39Z</datestamp><setSpec>uge_bcen_RapidILL_BOOK</setSpec><setSpec>uge_aaca_RapidILL_BOOK</setSpec><setSpec>uge_abels_RapidILL_BOOK</setSpec><setSpec>uge_dbu_RapidILL_BOOK</setSpec><setSpec>uge_cmu_RapidILL_BOOK</setSpec><setSpec>uge_mail_RapidILL_BOOK</setSpec><setSpec>uge_abbat_RapidILL_BOOK</setSpec><setSpec>UNIGE_ALL</setSpec><setSpec>uge_acar_RapidILL_BOOK</setSpec><setSpec>uge_aobs_RapidILL_BOOK</setSpec></header><metadata>
<record xmlns="http://www.loc.gov/MARC21/slim" xmlns:xsi="http://www.w3.org/2001/XMLSchema-instance" xsi:schemaLocation="http://www.loc.gov/MARC21/slim http://www.loc.gov/standards/marcxml/schema/MARC21slim.xsd"><leader>01663nam a22004337c 4500</leader><controlfield tag="001">991000041319705502</controlfield><controlfield tag="005">20230320184224.0</controlfield><controlfield tag="008">201022s1999    fr ||||| |||| 00| ||fre d</controlfield><datafield ind1=" " ind2=" " tag="019"><subfield code="a">Notizia convertita da VTLS</subfield><subfield code="5">SBT/2004 / SBTs</subfield></datafield><datafield ind1=" " ind2=" " tag="020"><subfield code="a">2804131386</subfield></datafield><datafield ind1="7" ind2=" " tag="024"><subfield code="a">http://catalogue.bnf.fr/ark:/12148/cb37040491d</subfield><subfield code="2">uri</subfield></datafield><datafield ind1=" " ind2=" " tag="035"><subfield code="a">(swissbib)252303377-41slsp_network</subfield></datafield><datafield ind1=" " ind2=" " tag="035"><subfield code="a">252303377</subfield><subfield code="9">ExL</subfield></datafield><datafield ind1=" " ind2=" " tag="035"><subfield code="a">(RERO)R256798060-41slsp</subfield></datafield><datafield ind1=" " ind2=" " tag="035"><subfield code="a">(SBT)000356125SBT01</subfield></datafield><datafield ind1=" " ind2=" " tag="035"><subfield code="a">(EXLNZ-41SLSP_NETWORK)991150099339705501</subfield></datafield><datafield ind1=" " ind2=" " tag="040"><subfield code="a">RERO frbcuc</subfield><subfield code="d">CH-ZuSLS</subfield></datafield><datafield ind1=" " ind2="7" tag="072"><subfield code="a">pe</subfield><subfield code="2">rero</subfield></datafield><datafield ind1="1" ind2=" " tag="100"><subfield code="a">Van der Maren, Jean-Marie</subfield><subfield code="d">1943-....</subfield><subfield code="0">(IDREF)034032525</subfield><subfield code="4">cre</subfield></datafield><datafield ind1="1" ind2="0" tag="245"><subfield code="a">&lt;&lt;La&gt;&gt; recherche appliquée en pédagogie</subfield><subfield code="b">des modèles pour l'enseignement</subfield><subfield code="c">Jean-Marie Van der Maren</subfield></datafield><datafield ind1=" " ind2="1" tag="264"><subfield code="a">Paris</subfield><subfield code="b">De Boeck Université</subfield><subfield code="c">1999</subfield></datafield><datafield ind1=" " ind2=" " tag="300"><subfield code="a">255 p.</subfield><subfield code="b">ill.</subfield><subfield code="c">24 cm</subfield></datafield><datafield ind1=" " ind2=" " tag="336"><subfield code="b">txt</subfield><subfield code="2">rdacontent</subfield></datafield><datafield ind1=" " ind2=" " tag="337"><subfield code="b">n</subfield><subfield code="2">rdamedia</subfield></datafield><datafield ind1=" " ind2=" " tag="338"><subfield code="b">nc</subfield><subfield code="2">rdacarrier</subfield></datafield><datafield ind1="1" ind2=" " tag="490"><subfield code="a">Méthodes en sciences humaines</subfield></datafield><datafield ind1=" " ind2=" " tag="504"><subfield code="a">Bibliogr.: p. 235--240. Index</subfield></datafield><datafield ind1=" " ind2="7" tag="650"><subfield code="a">Enseignement</subfield><subfield code="0">(IDREF)027264998</subfield><subfield code="2">idref</subfield></datafield><datafield ind1=" " ind2="7" tag="650"><subfield code="a">Recherche-action</subfield><subfield code="0">(IDREF)028061446</subfield><subfield code="2">idref</subfield></datafield><datafield ind1=" " ind2="7" tag="650"><subfield code="a">recherche évaluative</subfield><subfield code="0">(RERO)A009963879</subfield><subfield code="2">rerovoc</subfield></datafield><datafield ind1=" " ind2="7" tag="650"><subfield code="a">Pédagogie</subfield><subfield code="0">(IDREF)027246159</subfield><subfield code="2">idref</subfield></datafield><datafield ind1=" " ind2="7" tag="650"><subfield code="a">Pratique</subfield><subfield code="0">(IDREF)027792110</subfield><subfield code="2">idref</subfield></datafield><datafield ind1=" " ind2="4" tag="650"><subfield code="a">Insegnanti</subfield><subfield code="x">professione</subfield></datafield><datafield ind1=" " ind2="4" tag="650"><subfield code="a">Pedagogia</subfield><subfield code="x">ricerche</subfield></datafield><datafield ind1=" " ind2="7" tag="650"><subfield code="a">Didattica</subfield><subfield code="0">(SBT12)000013732</subfield><subfield code="2">sbt12</subfield></datafield><datafield ind1=" " ind2="4" tag="650"><subfield code="a">Educazione</subfield><subfield code="x">ricerche</subfield><subfield code="x">metodo</subfield></datafield><datafield ind1="1" ind2=" " tag="700"><subfield code="a">Van der Maren, Jean-Marie</subfield></datafield><datafield ind1=" " ind2=" " tag="830"><subfield code="a">Méthodes en sciences humaines</subfield><subfield code="p">De Boeck Université</subfield><subfield code="w">(RERO)2185541-41slsp</subfield></datafield><datafield ind1=" " ind2=" " tag="830"><subfield code="a">Méthodes en sciences humaines</subfield><subfield code="w">(SBT)000193828SBT01</subfield></datafield><datafield ind1=" " ind2=" " tag="900"><subfield code="a">REROnoselfmerge</subfield></datafield></record>
</metadata></record>