<record><header><identifier>oai:alma.41SLSP_UGE:991000041839705502</identifier><datestamp>2023-03-04T01:29:06Z</datestamp><setSpec>uge_bcen_RapidILL_BOOK</setSpec><setSpec>uge_aaca_RapidILL_BOOK</setSpec><setSpec>uge_abels_RapidILL_BOOK</setSpec><setSpec>uge_dbu_RapidILL_BOOK</setSpec><setSpec>uge_cmu_RapidILL_BOOK</setSpec><setSpec>uge_mail_RapidILL_BOOK</setSpec><setSpec>uge_abbat_RapidILL_BOOK</setSpec><setSpec>UNIGE_ALL</setSpec><setSpec>uge_aobs_RapidILL_BOOK</setSpec><setSpec>uge_acar_RapidILL_BOOK</setSpec></header><metadata>
<record xmlns="http://www.loc.gov/MARC21/slim" xmlns:xsi="http://www.w3.org/2001/XMLSchema-instance" xsi:schemaLocation="http://www.loc.gov/MARC21/slim http://www.loc.gov/standards/marcxml/schema/MARC21slim.xsd"><leader>01859nam a22003977c 4500</leader><controlfield tag="001">991000041839705502</controlfield><controlfield tag="005">20230303211531.0</controlfield><controlfield tag="008">140520m20142015fr ||||| |||| 00| ||fre d</controlfield><datafield ind1=" " ind2=" " tag="020"><subfield code="a">9782749240626</subfield><subfield code="q">T. 1</subfield></datafield><datafield ind1=" " ind2=" " tag="020"><subfield code="a">9782749246680</subfield><subfield code="q">T.2</subfield></datafield><datafield ind1=" " ind2=" " tag="020"><subfield code="a">9782749250243</subfield><subfield code="q">T.3</subfield></datafield><datafield ind1="7" ind2=" " tag="024"><subfield code="a">http://catalogue.bnf.fr/ark:/12148/cb43790534n</subfield><subfield code="2">uri</subfield></datafield><datafield ind1=" " ind2=" " tag="035"><subfield code="a">(swissbib)119738295-41slsp_network</subfield></datafield><datafield ind1=" " ind2=" " tag="035"><subfield code="a">119738295</subfield><subfield code="9">ExL</subfield></datafield><datafield ind1=" " ind2=" " tag="035"><subfield code="a">(RERO)R007741787-41slsp</subfield></datafield><datafield ind1=" " ind2=" " tag="035"><subfield code="a">(EXLNZ-41SLSP_NETWORK)991092418959705501</subfield></datafield><datafield ind1=" " ind2=" " tag="040"><subfield code="a">RERO frhets</subfield><subfield code="d">CH-ZuSLS</subfield></datafield><datafield ind1=" " ind2="7" tag="072"><subfield code="a">ps</subfield><subfield code="2">rero</subfield></datafield><datafield ind1="1" ind2=" " tag="080"><subfield code="a">159.922.72</subfield></datafield><datafield ind1="1" ind2=" " tag="100"><subfield code="a">Lemay, Michel</subfield><subfield code="0">(RERO)A003511348</subfield><subfield code="4">cre</subfield></datafield><datafield ind1="1" ind2="0" tag="245"><subfield code="a">Forces et souffrances psychiques de l'enfant</subfield><subfield code="c">Michel Lemay</subfield></datafield><datafield ind1=" " ind2="1" tag="264"><subfield code="a">Toulouse</subfield><subfield code="b">Erès</subfield><subfield code="c">2014-2016</subfield></datafield><datafield ind1=" " ind2=" " tag="300"><subfield code="a">3 vol.</subfield><subfield code="c">18 cm</subfield></datafield><datafield ind1=" " ind2=" " tag="336"><subfield code="b">txt</subfield><subfield code="2">rdacontent</subfield></datafield><datafield ind1=" " ind2=" " tag="337"><subfield code="b">n</subfield><subfield code="2">rdamedia</subfield></datafield><datafield ind1=" " ind2=" " tag="338"><subfield code="b">nc</subfield><subfield code="2">rdacarrier</subfield></datafield><datafield ind1="0" ind2=" " tag="505"><subfield code="a">T. 1: Le développement infantile</subfield></datafield><datafield ind1="0" ind2=" " tag="505"><subfield code="a">T. 2: Les aléas du développement infantile</subfield></datafield><datafield ind1="0" ind2=" " tag="505"><subfield code="a">T. 3: Approches thérapeutiques : espoirs et inquiétudes</subfield></datafield><datafield ind1="8" ind2=" " tag="520"><subfield code="a">Au milieu du flot d'informations et de recherches sur la petite enfance, l'enfance et l'adolescence, peut-on dégager un panorama des principales idées pour &quot;penser&quot; l'enfance d'une manière suffisamment cohérente ? Face aux multiples courants théoriques qui dominent la pédopsychiatrie et la psychiatrie en général depuis ces cent dernières années, y a-t-il des points de convergence se dessinant peu à peu ? (4e de couv.)</subfield><subfield code="5">RERO/njhep-/06.2014</subfield></datafield><datafield ind1=" " ind2="7" tag="650"><subfield code="a">Enfants</subfield><subfield code="0">(IDREF)027233278</subfield><subfield code="2">idref</subfield></datafield><datafield ind1=" " ind2="7" tag="650"><subfield code="a">Psychopathologie</subfield><subfield code="0">(IDREF)027362094</subfield><subfield code="2">idref</subfield></datafield><datafield ind1=" " ind2="7" tag="650"><subfield code="a">Histoire</subfield><subfield code="0">(IDREF)02726470X</subfield><subfield code="2">idref</subfield></datafield><datafield ind1=" " ind2="7" tag="650"><subfield code="a">Constructivisme (psychologie)</subfield><subfield code="0">(IDREF)031089062</subfield><subfield code="2">idref</subfield></datafield><datafield ind1=" " ind2="7" tag="650"><subfield code="a">Petite enfance</subfield><subfield code="0">(IDREF)03440497X</subfield><subfield code="2">idref</subfield></datafield><datafield ind1=" " ind2="7" tag="650"><subfield code="a">Psychologie du développement</subfield><subfield code="0">(IDREF)027241637</subfield><subfield code="2">idref</subfield></datafield><datafield ind1=" " ind2=" " tag="900"><subfield code="a">REROnoselfmerge</subfield></datafield></record>
</metadata></record>