<record><header><identifier>oai:alma.41SLSP_UGE:991000041949705502</identifier><datestamp>2023-03-01T01:09:11Z</datestamp><setSpec>uge_cmu_RapidILL_JOURNAL</setSpec><setSpec>uge_aobs_RapidILL_JOURNAL</setSpec><setSpec>uge_aaca_RapidILL_JOURNAL</setSpec><setSpec>uge_bcen_RapidILL_JOURNAL</setSpec><setSpec>uge_abbat_RapidILL_JOURNAL</setSpec><setSpec>uge_mail_RapidILL_JOURNAL</setSpec><setSpec>uge_dbu_RapidILL_JOURNAL</setSpec><setSpec>UNIGE_ALL</setSpec><setSpec>uge_abels_RapidILL_JOURNAL</setSpec><setSpec>uge_acar_RapidILL_JOURNAL</setSpec></header><metadata>
<record xmlns="http://www.loc.gov/MARC21/slim" xmlns:xsi="http://www.w3.org/2001/XMLSchema-instance" xsi:schemaLocation="http://www.loc.gov/MARC21/slim http://www.loc.gov/standards/marcxml/schema/MARC21slim.xsd"><leader>01482nas a2200469 c 4500</leader><controlfield tag="001">991000041949705502</controlfield><controlfield tag="005">20201231185203.0</controlfield><controlfield tag="008">201012d19692000xxu|| p|      0   |0eng|d</controlfield><datafield ind1=" " ind2=" " tag="010"><subfield code="a">72084153</subfield></datafield><datafield ind1="7" ind2=" " tag="016"><subfield code="a">204463-8</subfield><subfield code="2">ZDB</subfield></datafield><datafield ind1=" " ind2=" " tag="022"><subfield code="l">0070-2137</subfield></datafield><datafield ind1=" " ind2=" " tag="022"><subfield code="a">0070-2137</subfield></datafield><datafield ind1=" " ind2=" " tag="035"><subfield code="a">(swissbib)240265769-41slsp_network</subfield></datafield><datafield ind1=" " ind2=" " tag="035"><subfield code="a">240265769</subfield><subfield code="9">ExL</subfield></datafield><datafield ind1=" " ind2=" " tag="035"><subfield code="a">(NEBIS)000031739EBI01</subfield></datafield><datafield ind1=" " ind2=" " tag="035"><subfield code="a">(RERO)0761049-41slsp</subfield></datafield><datafield ind1=" " ind2=" " tag="035"><subfield code="a">(IDSBB)000086008DSV01</subfield></datafield><datafield ind1=" " ind2=" " tag="035"><subfield code="a">(EXLNZ-41SLSP_NETWORK)991128725259705501</subfield></datafield><datafield ind1=" " ind2=" " tag="040"><subfield code="a">ETH-BIB</subfield><subfield code="b">ger</subfield><subfield code="e">rda</subfield><subfield code="d">CH-ZuSLS</subfield></datafield><datafield ind1="0" ind2=" " tag="041"><subfield code="a">eng</subfield><subfield code="a">und</subfield></datafield><datafield ind1=" " ind2=" " tag="044"><subfield code="a">xxu</subfield></datafield><datafield ind1=" " ind2="7" tag="072"><subfield code="a">bi</subfield><subfield code="2">rero</subfield></datafield><datafield ind1=" " ind2="7" tag="072"><subfield code="a">ch</subfield><subfield code="2">rero</subfield></datafield><datafield ind1=" " ind2="7" tag="072"><subfield code="a">bi</subfield><subfield code="2">SzZuIDS BS/BE</subfield></datafield><datafield ind1="1" ind2="4" tag="082"><subfield code="a">570</subfield><subfield code="2">15</subfield></datafield><datafield ind1="1" ind2="0" tag="210"><subfield code="a">Curr. Top. Cell. Regul.</subfield></datafield><datafield ind1="0" ind2="0" tag="245"><subfield code="a">Current topics in cellular regulation</subfield><subfield code="c">ed.by Bernard L. Horecker, Earl R. Stadtman</subfield></datafield><datafield ind1="1" ind2="0" tag="246"><subfield code="a">Cellular regulation</subfield></datafield><datafield ind1="1" ind2="3" tag="246"><subfield code="a">Curr Top Cell Regul</subfield></datafield><datafield ind1=" " ind2="1" tag="264"><subfield code="a">New York [etc.]</subfield><subfield code="b">Academic Press</subfield><subfield code="c">1969-2000</subfield></datafield><datafield ind1=" " ind2=" " tag="300"><subfield code="a">Ill.</subfield><subfield code="c">24 cm</subfield></datafield><datafield ind1=" " ind2=" " tag="310"><subfield code="a">Unregelmässig</subfield></datafield><datafield ind1=" " ind2=" " tag="336"><subfield code="b">txt</subfield><subfield code="2">rdacontent</subfield></datafield><datafield ind1=" " ind2=" " tag="337"><subfield code="b">n</subfield><subfield code="2">rdamedia</subfield></datafield><datafield ind1=" " ind2=" " tag="338"><subfield code="b">nc</subfield><subfield code="2">rdacarrier</subfield></datafield><datafield ind1="0" ind2=" " tag="362"><subfield code="a">Volume 1 (1969)-volume 36 (2000)</subfield></datafield><datafield ind1=" " ind2="7" tag="650"><subfield code="a">ZELLULÄRE REGULATION (BIOLOGIE)</subfield><subfield code="9">ger</subfield><subfield code="0">(ETHUDK)000021278</subfield><subfield code="2">ethudk</subfield></datafield><datafield ind1=" " ind2="7" tag="655"><subfield code="a">Zeitschrift</subfield><subfield code="2">gnd-content</subfield></datafield><datafield ind1=" " ind2=" " tag="690"><subfield code="a">612.01</subfield><subfield code="d">Zellphysiologie</subfield><subfield code="2">uzb-UK</subfield></datafield><datafield ind1="1" ind2=" " tag="700"><subfield code="a">Horecker, Bernard Leonard</subfield><subfield code="d">1914-</subfield><subfield code="0">(DE-588)1089106947</subfield><subfield code="e">Herausgeber</subfield><subfield code="4">edt</subfield></datafield><datafield ind1=" " ind2=" " tag="900"><subfield code="d">IDSZ2zbzswk200211k</subfield><subfield code="e">IDSZ2wart</subfield></datafield><datafield ind1=" " ind2=" " tag="900"><subfield code="a">NEBISnoselfmerge</subfield></datafield><datafield ind1=" " ind2=" " tag="900"><subfield code="a">REROnoselfmerge</subfield></datafield></record>
</metadata></record>