<record><header><identifier>oai:alma.41SLSP_UGE:991000041549705502</identifier><datestamp>2023-04-02T00:58:22Z</datestamp><setSpec>uge_bcen_RapidILL_BOOK</setSpec><setSpec>uge_aaca_RapidILL_BOOK</setSpec><setSpec>uge_abels_RapidILL_BOOK</setSpec><setSpec>uge_dbu_RapidILL_BOOK</setSpec><setSpec>uge_cmu_RapidILL_BOOK</setSpec><setSpec>uge_mail_RapidILL_BOOK</setSpec><setSpec>uge_abbat_RapidILL_BOOK</setSpec><setSpec>UNIGE_ALL</setSpec><setSpec>uge_aobs_RapidILL_BOOK</setSpec><setSpec>uge_acar_RapidILL_BOOK</setSpec></header><metadata>
<record xmlns="http://www.loc.gov/MARC21/slim" xmlns:xsi="http://www.w3.org/2001/XMLSchema-instance" xsi:schemaLocation="http://www.loc.gov/MARC21/slim http://www.loc.gov/standards/marcxml/schema/MARC21slim.xsd"><leader>03118nam a2200577 c 4500</leader><controlfield tag="001">991000041549705502</controlfield><controlfield tag="005">20230401211334.0</controlfield><controlfield tag="008">201011s2004    gw ||||| |||| 10| ||eng d</controlfield><datafield ind1=" " ind2=" " tag="015"><subfield code="a">GFR-DNB-04,N41,0030</subfield></datafield><datafield ind1=" " ind2=" " tag="020"><subfield code="a">354023201X</subfield></datafield><datafield ind1=" " ind2=" " tag="035"><subfield code="a">(swissbib)223925667-41slsp_network</subfield></datafield><datafield ind1=" " ind2=" " tag="035"><subfield code="a">223925667</subfield><subfield code="9">ExL</subfield></datafield><datafield ind1=" " ind2=" " tag="035"><subfield code="a">(RERO)R008803502-41slsp</subfield></datafield><datafield ind1=" " ind2=" " tag="035"><subfield code="a">(NEBIS)004825190EBI01</subfield></datafield><datafield ind1=" " ind2=" " tag="035"><subfield code="a">(EXLNZ-41SLSP_NETWORK)991068602059705501</subfield></datafield><datafield ind1=" " ind2=" " tag="040"><subfield code="a">OHX</subfield><subfield code="d">CH-ZuSLS</subfield></datafield><datafield ind1=" " ind2="0" tag="050"><subfield code="a">QA76.64</subfield><subfield code="b">.N632 2004</subfield></datafield><datafield ind1=" " ind2="7" tag="072"><subfield code="a">in</subfield><subfield code="2">rero</subfield></datafield><datafield ind1="0" ind2="0" tag="082"><subfield code="a">005.1/17</subfield><subfield code="2">22</subfield></datafield><datafield ind1="0" ind2="0" tag="245"><subfield code="a">Object-oriented and internet-based technologies</subfield><subfield code="b">5th Annual International Conference on Object-Oriented and Internet-Based Technologies, Concepts, and Applications for a Networked World, Net.ObjectDays 2004, Erfurt, Germany, September 27-30, 2004 : proceedings</subfield><subfield code="c">Mathias Weske, Peter Liggesmeyer (eds.)</subfield></datafield><datafield ind1="1" ind2=" " tag="246"><subfield code="a">Annual International Conference on Object-Oriented and Internet-Based Technologies, Concepts, and Applications for a Networked World</subfield></datafield><datafield ind1="1" ind2=" " tag="246"><subfield code="a">Net.ObjectDays 2004</subfield></datafield><datafield ind1="1" ind2=" " tag="246"><subfield code="a">NODe 2004</subfield></datafield><datafield ind1=" " ind2="1" tag="264"><subfield code="a">Berlin</subfield><subfield code="b">Springer</subfield><subfield code="c">2004</subfield></datafield><datafield ind1=" " ind2=" " tag="300"><subfield code="a">xii, 237 p.</subfield><subfield code="b">ill.</subfield><subfield code="c">24 cm</subfield></datafield><datafield ind1=" " ind2=" " tag="336"><subfield code="b">txt</subfield><subfield code="2">rdacontent</subfield></datafield><datafield ind1=" " ind2=" " tag="337"><subfield code="b">n</subfield><subfield code="2">rdamedia</subfield></datafield><datafield ind1=" " ind2=" " tag="338"><subfield code="b">nc</subfield><subfield code="2">rdacarrier</subfield></datafield><datafield ind1="1" ind2=" " tag="490"><subfield code="a">Lecture notes in computer science</subfield><subfield code="v">3263</subfield></datafield><datafield ind1=" " ind2=" " tag="500"><subfield code="a">Earlier conference, NODe 2002, has title: Objects, components, architectures, services, and applications for a networked world</subfield></datafield><datafield ind1=" " ind2=" " tag="500"><subfield code="a">Variantes du titre: Net.ObjectDays 2004, NODe 2004</subfield></datafield><datafield ind1=" " ind2=" " tag="504"><subfield code="a">Includes bibliographical references and index</subfield></datafield><datafield ind1=" " ind2="0" tag="650"><subfield code="a">Intelligent agents (Computer software)</subfield><subfield code="v">Congresses</subfield></datafield><datafield ind1=" " ind2="0" tag="650"><subfield code="a">Internet programming</subfield><subfield code="v">Congresses</subfield></datafield><datafield ind1=" " ind2="0" tag="650"><subfield code="a">Object-oriented programming (Computer science)</subfield><subfield code="v">Congresses</subfield></datafield><datafield ind1=" " ind2="7" tag="650"><subfield code="a">Agents intelligents (logiciels)</subfield><subfield code="0">(IDREF)035046910</subfield><subfield code="2">idref</subfield></datafield><datafield ind1=" " ind2="7" tag="650"><subfield code="a">Programmation orientée objets (informatique)</subfield><subfield code="0">(IDREF)029548276</subfield><subfield code="2">idref</subfield></datafield><datafield ind1=" " ind2="7" tag="650"><subfield code="a">AUTONOME AGENTEN + INTELLIGENTE AGENTEN (KÜNSTLICHE INTELLIGENZ)</subfield><subfield code="9">ger</subfield><subfield code="0">(ETHUDK)000057340</subfield><subfield code="2">ethudk</subfield></datafield><datafield ind1=" " ind2="7" tag="650"><subfield code="a">INTERNET + WORLD WIDE WEB (COMPUTERSYSTEME)</subfield><subfield code="9">ger</subfield><subfield code="0">(ETHUDK)000050802</subfield><subfield code="2">ethudk</subfield></datafield><datafield ind1=" " ind2="7" tag="650"><subfield code="a">OBJEKTORIENTIERTE PROGRAMMIERUNG (PROGRAMMIERMETHODEN)</subfield><subfield code="9">ger</subfield><subfield code="0">(ETHUDK)000039304</subfield><subfield code="2">ethudk</subfield></datafield><datafield ind1=" " ind2="7" tag="650"><subfield code="a">SOFTWARE ENGINEERING</subfield><subfield code="9">ger</subfield><subfield code="0">(ETHUDK)000043018</subfield><subfield code="2">ethudk</subfield></datafield><datafield ind1=" " ind2="7" tag="655"><subfield code="a">Actes de congrès</subfield><subfield code="0">(IDREF)02886431X</subfield><subfield code="2">idref</subfield></datafield><datafield ind1=" " ind2="7" tag="655"><subfield code="a">Konferenzschrift</subfield><subfield code="z">Erfurt</subfield><subfield code="y">2004</subfield><subfield code="2">gnd-content</subfield></datafield><datafield ind1="1" ind2=" " tag="700"><subfield code="a">Weske, Mathias</subfield><subfield code="d">1963-</subfield><subfield code="0">(IDREF)077851099</subfield></datafield><datafield ind1="2" ind2=" " tag="711"><subfield code="a">Annual International Conference on Object-Oriented and Internet-Based Technologies, Concepts, and Applications for a Networked World</subfield><subfield code="0">(DE-588)1092336850</subfield></datafield><datafield ind1="2" ind2=" " tag="711"><subfield code="a">NODe 2004</subfield><subfield code="d">2004</subfield><subfield code="c">Erfurt</subfield><subfield code="0">(RERO)A027485191</subfield></datafield><datafield ind1="2" ind2=" " tag="711"><subfield code="a">International Conference Net ObjectDays</subfield><subfield code="d">2004</subfield><subfield code="c">Erfurt</subfield><subfield code="0">(RERO)A027485192</subfield></datafield><datafield ind1="4" ind2="2" tag="856"><subfield code="3">Publisher description</subfield><subfield code="u">http://www.loc.gov/catdir/enhancements/fy0814/2004111955-d.html</subfield></datafield><datafield ind1=" " ind2="0" tag="830"><subfield code="a">Lecture notes in computer science</subfield><subfield code="v">3263</subfield><subfield code="w">(RERO)0078255-41slsp</subfield></datafield><datafield ind1=" " ind2="0" tag="830"><subfield code="a">Lecture notes in computer science</subfield><subfield code="n">3000 (2004) to 4999 (2008)</subfield><subfield code="v">3263</subfield><subfield code="w">(NEBIS)004701431EBI01</subfield></datafield><datafield ind1=" " ind2=" " tag="900"><subfield code="a">REROnoselfmerge</subfield></datafield><datafield ind1=" " ind2=" " tag="910"><subfield code="a">LOC</subfield><subfield code="b">20180531</subfield><subfield code="c">Réutilisation sous conditions</subfield></datafield></record>
</metadata></record>