<record><header><identifier>oai:alma.41SLSP_UGE:991000041959705502</identifier><datestamp>2023-04-11T00:12:02Z</datestamp><setSpec>uge_bcen_RapidILL_BOOK</setSpec><setSpec>uge_aaca_RapidILL_BOOK</setSpec><setSpec>uge_abels_RapidILL_BOOK</setSpec><setSpec>uge_dbu_RapidILL_BOOK</setSpec><setSpec>uge_cmu_RapidILL_BOOK</setSpec><setSpec>uge_mail_RapidILL_BOOK</setSpec><setSpec>uge_abbat_RapidILL_BOOK</setSpec><setSpec>UNIGE_ALL</setSpec><setSpec>uge_acar_RapidILL_BOOK</setSpec><setSpec>uge_aobs_RapidILL_BOOK</setSpec></header><metadata>
<record xmlns="http://www.loc.gov/MARC21/slim" xmlns:xsi="http://www.w3.org/2001/XMLSchema-instance" xsi:schemaLocation="http://www.loc.gov/MARC21/slim http://www.loc.gov/standards/marcxml/schema/MARC21slim.xsd"><leader>01416nam a2200301 c 4500</leader><controlfield tag="001">991000041959705502</controlfield><controlfield tag="005">20230410143612.0</controlfield><controlfield tag="008">000926s1980    fr ||||| |||| 00| ||fre d</controlfield><datafield ind1=" " ind2=" " tag="020"><subfield code="a">2110817909</subfield></datafield><datafield ind1=" " ind2=" " tag="035"><subfield code="a">(swissbib)095930345-41slsp_network</subfield></datafield><datafield ind1=" " ind2=" " tag="035"><subfield code="a">095930345</subfield><subfield code="9">ExL</subfield></datafield><datafield ind1=" " ind2=" " tag="035"><subfield code="a">(RERO)R273046560-41slsp</subfield></datafield><datafield ind1=" " ind2=" " tag="035"><subfield code="a">(EXLNZ-41SLSP_NETWORK)991132039969705501</subfield></datafield><datafield ind1=" " ind2=" " tag="040"><subfield code="a">RERO geuarc</subfield><subfield code="d">CH-ZuSLS</subfield></datafield><datafield ind1=" " ind2="7" tag="072"><subfield code="a">at</subfield><subfield code="2">rero</subfield></datafield><datafield ind1="0" ind2="0" tag="245"><subfield code="a">Rues et places piétonnes dans les quartiers traditionnels</subfield><subfield code="b">plastique et technique des sols et mobiliers urbains</subfield><subfield code="c">Ministère de l'environnement et du cadre de vie, Direction de l'urbanisme et des paysages, Service technique de l'urbanisme ; [étude dir. par Michel-Antoine Boyer, avec l'assistance de Jean-Jacques Navarro]</subfield></datafield><datafield ind1=" " ind2="1" tag="264"><subfield code="a">[Paris]</subfield><subfield code="b">Ministère de l'environnement et du cadre de vie [etc.]</subfield><subfield code="c">1980</subfield></datafield><datafield ind1=" " ind2=" " tag="300"><subfield code="a">264 p.</subfield><subfield code="b">ill.</subfield><subfield code="c">30 cm</subfield></datafield><datafield ind1=" " ind2=" " tag="336"><subfield code="b">txt</subfield><subfield code="2">rdacontent</subfield></datafield><datafield ind1=" " ind2=" " tag="337"><subfield code="b">n</subfield><subfield code="2">rdamedia</subfield></datafield><datafield ind1=" " ind2=" " tag="338"><subfield code="b">nc</subfield><subfield code="2">rdacarrier</subfield></datafield><datafield ind1=" " ind2="7" tag="650"><subfield code="a">Mobilier urbain</subfield><subfield code="0">(IDREF)028234243</subfield><subfield code="2">idref</subfield></datafield><datafield ind1=" " ind2="7" tag="650"><subfield code="a">sol - aménagement</subfield><subfield code="0">(RERO)A010151976</subfield><subfield code="2">rerovoc</subfield></datafield><datafield ind1=" " ind2="7" tag="650"><subfield code="a">Zones piétonnières</subfield><subfield code="0">(IDREF)027244962</subfield><subfield code="2">idref</subfield></datafield><datafield ind1=" " ind2="7" tag="650"><subfield code="a">zone piétonnière - aménagement</subfield><subfield code="0">(RERO)A010169439</subfield><subfield code="2">rerovoc</subfield></datafield><datafield ind1="1" ind2=" " tag="700"><subfield code="a">Boyer, Michel Antoine</subfield><subfield code="0">(RERO)A003035161</subfield></datafield><datafield ind1="1" ind2=" " tag="700"><subfield code="a">Navarro, Jean-Claude</subfield><subfield code="0">(RERO)A003632484</subfield></datafield><datafield ind1="2" ind2=" " tag="710"><subfield code="a">France</subfield><subfield code="b">Service technique de l'urbanisme</subfield><subfield code="t">Plastique et technique des sols et mobiliers urbains</subfield></datafield><datafield ind1=" " ind2=" " tag="900"><subfield code="a">REROnoselfmerge</subfield></datafield></record>
</metadata></record>